3275 4784
697 254 837 330 126
1483 272 1865 327 sacrm
1949 274 2000 322 1.

621 424 756 493 que
801 402 899 468 ita
939 399 1113 468 duas
1153 398 1574 466 constituere
1631 397 1803 464 velit
1843 444 1865 481 ,
1931 392 2218 463 alteram
2270 392 2474 463 alteri
2517 398 2588 466 in
2627 397 2826 476 rebus

619 507 728 575 sui
751 505 923 596 juris
954 505 1228 570 minime
1271 500 1649 589 subjectas,
1688 515 1762 567 ut
1809 499 1957 566 fieri
2002 499 2214 568 video
2244 491 2286 564 ὲ
2317 499 2664 590 plerisque
2691 506 2836 575 dis..

613 597 888 698 ciplinae
927 609 1122 674 istius
1161 605 1531 696 magistris·
1577 603 1831 670 Malim
1875 619 2102 670 tamen
2154 622 2289 692 ego
2334 601 2426 671 ob
2467 625 2663 697 eum,
2699 614 2818 698 qui

612 710 1175 800 quoties‘civilis
1213 709 1538 798 'quaedam
1589 708 1880 776 societas
1948 705 2038 774 ad
2109 703 2468 776 Christum
2536 715 2821 805 accedit,

607 816 788 882 inter
826 807 1191 902 utramque
1232 810 1613 880 intercedit
1651 828 1910 880 mutuae
1938 812 2251 878 caritatis
2283 831 2537 881 nexum
2582 819 2822 884 arctis-

615 920 990 1006 simamque
1033 915 1201 982 fidei
1257 916 1857 1003 communionem,
1907 937 2094 982 unam
2131 914 2395 984 ‘dicere
2448 919 2828 1008 rempubli-

611 1042 760 1089 cam
810 1019 1413 1108 Christianorum,
1452 1020 1568 1088 cui
1626 1018 1772 1087 duo
1815 1021 2087 1110 praesint
2130 1018 2469 1088 Rectores
2510 1042 2832 1113 suprema

613 1125 888 1214 praediti
931 1139 1306 1214 potestate:
1338 1144 1631 1214 quorum
1664 1123 1838 1192 alter
1862 1125 2172 1213 quietem
2215 1121 2612 1216 publicam,
2661 1127 2833 1196 alter

609 1225 1019 1296 felicitatem
1072 1244 1393 1297 aetetnam
1449 1227 1760 1296 humano
1810 1229 2048 1318 generi
2100 1243 2428 1318 procuret
2484 1228 2814 1319 Apostolo

608 1345 901 1401 testante
940 1319 1080 1427 (1).
1121 1332 1199 1399 In
1233 1331 1414 1399 hunc
1453 1353 1718 1401 sensum
1758 1331 1986 1422 inquit
2057 1332 2402 1399 concilium
2441 1329 2832 1404 Parisinum

612 1435 729 1502 sab
780 1435 1115 1502 Ludovico
1174 1434 1305 1504 Pio
1355 1434 1782 1505 celebratum
1834 1427 1986 1534 (2):
2027 1433 2528 1526 Principaliter
2600 1437 2831 1531 itaque

616 1540 831 1606 totius
875 1555 1119 1607 sancta:
1159 1539 1297 1607 Dei
1345 1538 1671 1614 Ecclesiae
1710 1558 1944 1631 corpus
2009 1537 2078 1605 in
2135 1541 2298 1606 duas
2341 1541 2630 1608 eximias
2659 1560 2831 1632 per-

616 1663 843 1728 sonas,
878 1643 949 1708 in
986 1641 1461 1709 sacerdotalem
1497 1643 1820 1710 videlicet
1862 1658 1932 1711 et
1973 1643 2312 1734 regalem,
2351 1642 2526 1710 sicut
2565 1640 2607 1709 ὰ
2650 1668 2828 1714 sanc-

613 1745 712 1812 tis
753 1744 1079 1820 Patribus
1122 1745 1449 1812 traditam
1489 1745 1853 1836 accepimus
1884 1796 1907 1835 ,
1972 1746 2266 1813 divisum
2324 1768 2461 1814 esse
2497 1748 2824 1817 novimus.

610 1843 703 1916 Et
732 1848 1098 1916 concilium
1127 1848 1217 1914 ad
1237 1845 1728 1918 Theodonis-vi
1736 1851 1894 1917 llam
1931 1848 2236 1939 ejusdem
2264 1851 2483 1918 aetatis
2509 1872 2663 1940 cap.
2698 1871 2807 1920 2.:

612 1950 794 2041 Quia
853 1948 1008 2019 bene
1059 1953 1272 2054 nostis
1338 1953 1420 2020 ab
1484 1955 1662 2044 illo,
1717 1954 1829 2044 qui
1884 1957 2057 2021 solus
2119 1954 2356 2022 merito
2411 1967 2480 2021 et
2536 1953 2699 2023 Rex·
2749 1972 2821 2025 et

616 2056 944 2124 Sacerdos
997 2049 1158 2139 fieri
1210 2058 1498 2147 potuit,
1575 2059 1683 2126 ita
1745 2057 2128 2126 Ecclesiam
2206 2058 2596 2148 dispositam
2650 2083 2825 2149 esse,

617 2176 728 2228 ut.
754 2152 1135 2252 pontificali
1197 2162 1611 2231 auctoritate
1673 2178 1741 2230 et
1792 2162 2024 2255 regali
2085 2174 2435 2252 potestate
2478 2160 2831 2252 guberne-

615 2277 757 2332 tur.
823 2265 1150 2334 Similiter
1199 2264 1489 2334 Isidorus
1541 2266 1900 2335 Pelusiota
1948 2255 2063 2362 (3)
2127 2265 2266 2356 jam
2321 2262 2584 2332 dudum
2653 2283 2825 2353 ante

609 2387 695 2436 ex
745 2367 1115 2436 sacerdotio
1182 2384 1252 2436 et
1307 2391 1513 2459 regno
1578 2370 1805 2458 ajebat
1863 2392 2085 2439 rerum
2162 2366 2820 2440 administrationem

611 2465 960 2557 conflatam
1000 2488 1162 2536 esse.
1209 2468 1535 2558 Quamvis
1587 2474 1760 2539 enim
1813 2490 2182 2565 permagna
2220 2474 2576 2560 utriusque
2612 2473 2684 2537 di
2675 2471 2823 2557 ffe-

615 2572 840 2643 rentia
907 2573 1000 2643 sit
1068 2563 1303 2670 (illud
1376 2576 1544 2643 enim
1607 2577 1796 2644 velut
1867 2577 2084 2645 anima
2163 2592 2265 2644 est
2310 2626 2334 2665 ,
2400 2575 2529 2645 hoc
2586 2579 2835 2647 -veluti

612 2665 888 2773 corpus)
954 2678 1044 2746 ad
1088 2700 1277 2745 anum
1341 2696 1556 2746 tamen
1611 2696 1684 2745 et
1724 2680 2004 2746 eumdem
2043 2671 2244 2759 finem
2309 2681 2591 2745 tendunt
2621 2727 2644 2765 ,
2687 2678 2824 2750 hoc

616 2796 719 2846 est
747 2829 769 2866 ,
824 2779 914 2844 ad
960 2776 1306 2853 hominum,
1346 2778 1652 2839 salutem.
1719 2778 1829 2839 De
1879 2776 2123 2839 Marca
2178 2776 2258 2838 de
2323 2796 2501 2842 conc.
2554 2798 2695 2845 sac.
2740 2799 2824 2851 et

611 2881 770 2967 imp.
811 2875 930 2943 lib.
979 2896 1044 2940 2.
1084 2890 1229 2962 cap.
1283 2893 1351 2939 2.
1407 2871 1603 2939 Hanc
1659 2873 2106 2941 eruditissimi
2145 2874 2462 2945 Praesulis
2526 2896 2827 2953 senten-

608 2983 772 3046 tiam
840 2998 975 3047 non
1033 2975 1313 3046 videtur
1378 2975 1655 3067 penitus
1723 2975 2149 3065 adsequutus
2201 2979 2374 3046 Hen.
2444 2979 2829 3057 Bohmerus

619 3082 757 3153 obs.
818 3107 882 3151 1.
922 3083 1013 3152 ad
1056 3080 1180 3150 cit.
1224 3082 1346 3149 loc.

727 3187 988 3258 Senot„
1106 3185 1215 3255 Ita
1280 3204 1415 3277 ego
1487 3182 1771 3256 Patrum
1847 3184 2219 3279 ingenuam
2294 3189 2814 3279 simplicitatem

616 3292 851 3385 potius
890 3311 1093 3383 quam
1132 3292 1351 3358 aetatis
1404 3305 1652 3358 nostrae
1711 3289 1961 3360 subtile
2015 3315 2298 3362 acumen
2342 3312 2670 3386 sequutus
2708 3300 2821 3365 vi-

618 3418 765 3471 tare
805 3395 973 3462 mihi
1014 3414 1207 3482 posse
1248 3391 1541 3461 videbar
1582 3395 1944 3485 perplexas
1985 3397 2135 3464 illas
2163 3414 2232 3465 et
2271 3395 2630 3485 ambiguas
2673 3399 2813 3488 ple-

619 3519 905 3585 rumque
944 3496 1474 3585 disceptationes
1504 3545 1526 3585 ,
1566 3520 1721 3587 quae
1771 3496 1859 3565 de
1901 3498 2194 3569 duarum
2249 3500 2429 3574 inter
2468 3522 2536 3568 se
2580 3521 2808 3570 rerum

663 3601 1049 3669 ubliea-rum
1091 3597 1335 3668 habitu
1378 3601 1630 3688 agitari
1672 3600 1936 3693 solent,
1975 3621 2128 3673 utra
2158 3605 2418 3672 scilicet
2449 3623 2680 3672 earum
2713 3605 2809 3671 sit

620 3710 713 3782 Ρη
762 3701 1023 3774 altera?
1087 3726 1237 3794 quae
1275 3701 1522 3797 prior?
1574 3728 1725 3795 quae
1771 3706 2167 3797 posteriori
2205 3726 2292 3778 an
2346 3707 2559 3776 altera
2609 3707 2813 3776 alteri

749 3983 780 4021 α
856 3983 865 3988 <
906 3958 1040 4018 Lib.
1084 3979 1133 4015 1.
1157 3970 1296 4033 cap.
1348 3978 1403 4035 3.
1444 3970 1576 4021 tom.
1611 3978 1671 4035 4.
1713 3976 1864 4020 conc.
1901 3961 2094 4021 Hard.
2123 3926 2272 4043 pag.⁸
2306 3981 2486 4046 1297·

754 3902 776 3939 1
903 3879 956 3937 Ι.
992 3878 1135 3936 Tim.
1172 3888 1295 3951 cap.
1326 3875 1410 3933 II.
1446 3881 1522 3935 ad
1540 3879 1761 3953 Ephes.
1800 3892 1924 3955 cap.
1957 3877 2072 3940 IV.

701 3873 825 4123 {3}
909 4042 1042 4101 Lib.
1094 4061 1147 4120 3.
1192 4041 1366 4117 epist.
1398 4056 1539 4117 249·
