3275 4784
1248 211 1587 267 CAPUT
1688 212 1821 267 tv.
2143 248 2242 300 „³
2375 256 2384 261 -
2479 206 2572 289 71
2668 171 2696 219 Ὗ

457 340 555 413 lia
596 334 859 433 Reg'mn
899 353 978 407 ac
1029 321 1417 427 Principum
1467 334 1960 427 supremorum,
1998 328 2196 421 falsa
2225 318 2640 423 ‘estjerro-

457 464 628 531 nea,
693 440 892 511 verbo
941 438 1075 508 Dei
1130 455 1201 508 et
1253 439 1575 508 doctrinae
1620 438 1903 508 Parrum
1967 441 2273 508 adversa.
2330 438 2399 506 In
2455 441 2645 508 Hist.

459 546 720 616 Eccles.
800 565 950 612 saec.
1017 539 1206 611 XIII.
1279 542 1442 612 diss.
1514 562 1581 632 3.
1656 555 1797 611 art.
1874 563 1939 630 3.
2000 543 2118 610 cui
2188 544 2402 635 junge
2481 543 2645 611 diss..

412 648 530 718 *m
593 648 686 717 ad
744 667 892 715 saec.
938 643 1090 714 XII.
1140 658 1280 714 art.
1335 664 1406 738 9.
1454 645 1538 712 In
1589 646 1835 713 ceteris
1895 660 2130 714 autem
2186 647 2655 736 interpretan-

460 752 571 823 dis
622 766 692 821 et
745 749 836 818 ad
887 762 1186 817 mentem
1232 746 1560 818 Ecclesiae
1605 746 2031 837 explicandis
2096 748 2368 840 piacent
2428 747 2653 819 vehe-

462 869 735 925 menter
785 872 939 970 quae
978 848 1375 923 observavit
1422 849 1857 926 doctissimus
1909 849 2242 922 Gibertus
2281 852 2650 944 prolegom.

448 948 652 1051 jare.
689 954 910 1049 prior.
949 955 1074 1027 tit.
1118 956 1187 1027 8.
1229 970 1394 1026 sect.
1447 976 1512 1023 1.
1538 954 1673 1045 qui
1714 953 1993 1024 omnino
2045 953 2410 1028 videndus
2421 970 2548 1024 est.

1363 1156 1427 1244 §-
1516 1150 1779 1227 XLVI.

1099 1341 1104 1347 ⁴
1170 1364 1516 1469 Ejusque
1580 1364 1970 1463 efficacia.
2089 1409 2095 1412 <

498 1560 505 1573 ’
625 1573 759 1648 Vis
797 1573 1032 1668 legum
1057 1574 1669 1654 ecclesiasticarum
1696 1575 1785 1643 ad
1813 1594 2045 1644 omnes
2061 1569 2490 1644 Christianos
2516 1597 2666 1669 per·

468 1678 670 1751 tinet.
711 1680 818 1748 Ac
847 1680 938 1747 de
965 1678 1106 1748 fide
1141 1677 1424 1768 quidem
1451 1699 1533 1747 ac
1562 1698 1830 1746 morum
1858 1677 2156 1747 decretis
2193 1678 2518 1768 expedita
2556 1700 2666 1749 res
2751 1693 2758 1697 ’

471 1799 576 1853 est
637 1773 1015 1880 (§.V111.
1065 1795 1139 1850 et
1187 1779 1501 1850 XXXIX.
1528 1770 1601 1877 );
1638 1798 1954 1850 canones
1987 1800 2207 1868 vem,
2243 1781 2365 1870 qui
2415 1778 2506 1849 de
2545 1802 2710 1862 re-‚

448 1862 608 1965 bus
646 1884 955 1952 naturali
997 1882 1156 1974 jure
1188 1904 1273 1951 ac
1306 1883 1637 1974 positivo
1659 1883 1904 1953 divino
1952 1905 2093 1955 non
2131 1885 2368 1954 vetitis
2406 1883 2497 1952 ad
2540 1904 2665 1954 or-

482 1987 719 2055 dinem
759 1984 1177 2056 exteriorem
1230 1984 1789 2074 componendum
1825 1981 2148 2054 feruntur
2177 2034 2201 2074 ‚
2260 1988 2670 2078 plerumque

416 2090 423 2097 ’
476 2085 793 2159 non-hoc
826 2086 1002 2156 solet
1033 2085 1324 2156 consilio
1357 2083 1569 2157 edere
1608 2083 1920 2155 Ecclesia
1948 2136 1971 2176 ,
2021 2103 2101 2171 ut
2159 2087 2417 2177 ubique
2467 2089 2670 2157 loco-

481 2211 641 2262 rum
676 2189 1063 2260 necessario
1098 2185 1510 2259 admittendi
1546 2189 1705 2258 sint.
1734 2187 1963 2258 Novit
1998 2191 2181 2257 enim
2208 2209 2332 2257 nec
2357 2193 2671 2272 omnium

482 2311 875 2386 temporum
901 2341 927 2381 9
977 2314 1107 2363 nec
1143 2292 1458 2362 iocorum
1511 2294 1819 2361 omnium
1859 2291 2353 2361 eamdem-esse
2393 2294 2673 2376 utilita-

484 2398 657 2467 tem.
687 2396 936 2467 Novit
981 2416 1159 2487 saepe
1192 2397 1433 2488 ipsam·
1458 2394 1982 2466 consuetudinis
2039 2396 2529 2486 mutationem,
2568 2413 2675 2466 et-

487 2500 547 2569 si
573 2498 882 2590 adjuvet,
907 2499 1222 2570 novitate
1249 2497 1658 2590 perturbare
1684 2488 1824 2595 (1).
1854 2498 2081 2568 Novit
2103 2490 2434 2588 deniq-ue,
2462 2521 2677 2590 quum
2729 2548 2730 2551 η

489 2618 906 2695 potestatem
952 2600 1083 2671 sibi
1135 2603 1486 2694 conceptis
1529 2601 1764 2673 verbis
1818 2601 2053 2681 datam
2102 2623 2241 2670 non
2277 2603 2556 2691 ignoret
2601 2605 2680 2675 in
2730 2646 2735 2650 -

487 2705 1070 2795 aedificationem,
1111 2726 1252 2776 non
1301 2708 1377 2774 in
1424 2704 1968 2787 destructionem
2016 2695 2137 2803 (§.
2189 2700 2411 2774 XLV.
2436 2695 2506 2803 ),
2545 2704 2687 2776 hac·
2733 2752 2740 2755 ,

481 2831 646 2880 eam
681 2811 925 2901 utique
972 2810 1452 2880 moderatione
1486 2807 1796 2878 exerceri
1835 2823 2209 2898 oportere,
2246 2822 2327 2877 ut
2366 2829 2452 2878 ne
2500 2807 2681 2903 quid

489 2928 746 3002 praeter
783 2914 1257 2980 necessitatem
1307 2910 1729 2982 obtrudatur
1775 2909 2139 3001 fidelibus,
2199 2911 2393 3003 quod
2439 2904 2683 3003 =aliquo
2732 2989 2737 2993 ,

505 3025 750 3102 pacto.
774 3009 1130 3081 offendere
1194 3011 1351 3080 illos
1412 3015 1654 3100 possit.
1717 3013 1879 3079 Haec
1941 3016 2198 3106 quippe
2244 3013 2695 3086 christianis·

500 3114 594 3183 mi
629 3128 734 3182 est
782 3111 1075 3203 regula,
1127 3113 1353 3207 inquit
1402 3110 1910 3203 Chrysostomus
1956 3105 2109 3208 (2),
2153 3114 2296 3182 haec
2331 3117 2528 3184 illius
2565 3139 2689 3187 ex-

503 3230 659 3289 acta
693 3206 1046 3303 definitio,
1080 3213 1199 3284 hic
1233 3229 1337 3282 est
1371 3229 1625 3282 vertex
1657 3229 1860 3303 supra
1909 3215 2125 3281 omnia
2174 3215 2506 3282 eminens.
2547 3234 2689 3306 pu-

504 3319 701 3390 blicae
729 3317 1040 3387 utilitati
1071 3316 1437 3386 consulere.
1488 3315 1670 3401 Quae
1718 3314 2002 3406 quidem
2062 3316 2133 3384 in
2194 3313 2504 3385 Ecclesia
2551 3321 2694 3388 uti-

505 3416 677 3517 litas
707 3421 1052 3513 disjuncta
1084 3440 1227 3490 non
1261 3418 1492 3495 estab
1539 3420 1844 3490 utilitate
1895 3419 2327 3512 singulorum
2378 3416 2693 3493 fidelium

508 3515 626 3623 (§.
664 3525 799 3594 VI.
836 3520 1001 3594 Cor.
1036 3515 1241 3623 uin).
1280 3523 1532 3622 Neque
1562 3522 1737 3593 ‘huic
1783 3523 2175 3593 conditioni
2213 3525 2268 3591 si
2305 3522 2548 3594 civiles
2583 3526 2698 3595 le·-

512 3648 632 3718 ges
678 3627 996 3698 obnoxiae
1034 3649 1175 3698 non
1224 3629 1363 3697 s'int
1386 3677 1412 3718 ,
1447 3626 1765 3697 eamdem
1801 3627 2001 3698 nobis
2051 3626 2285 3695 licebit
2346 3627 2434 3696 ab
2472 3623 2695 3698 eccle·

512 3729 801 3800 siasticis
836 3752 1238 3804 removere.
1276 3731 1580 3822 amplum
1616 3733 1801 3801 enim
1835 3732 2016 3802 inter
2064 3732 2424 3830 uttemque
2467 3730 2696 3824 legem

541 3909 546 3915 ·
601 3874 726 4041 {13
811 3850 1083 3960 August.
1118 3885 1321 3956 epist.
1341 3882 1620 3960 54alias
1658 3898 1788 3960 115.

592 4030 603 4039 ἱ
645 3977 681 4018 2
807 3958 983 4019 Hom.
1023 3975 1125 4060 25.
1172 3963 1237 4020 in
1276 3967 1464 4042 prior.
1487 3967 1562 4024 ad
1590 3962 1853 4028 Corinth.
