3275 4784
641 228 779 304 188
1359 245 1783 299 sEc‘rxo
1879 247 1986 299 11.

579 371 1115 460 disciplinarem,
1154 385 1222 437 et
1264 367 1353 437 ob
1422 368 1493 436 id
1534 367 1915 437 mutabilem
1971 386 2092 438 seu
2170 367 2582 440 'universalis
2646 373 2775 463 sit,

535 469 540 474 ’
593 496 713 540 seu
747 472 1217 561 particularis.
2558 527 2563 530 .
2614 527 2621 532 .

692 574 949 643 Senot„
1056 573 1384 664 Reliquas
1426 573 1876 643 traditionum
1907 578 2166 665 species
2193 590 2433 664 utpote
2463 574 2550 644 ab
2582 578 2778 646 insti-

582 693 736 747 tuto
778 698 930 745 meo
969 679 1373 746 remotiores
1401 679 1720 748 consulto
1751 680 2169 769 praetermisi.
2202 678 2372 745 Vid.
2417 676 2773 768 Opstraet.

587 782 666 848 de
695 781 817 847 loc.
846 778 1079 848 Theol.
1107 781 1269 846 diss.
1318 802 1385 849 2.
1424 797 1658 870 quaest.
1742 805 1803 849 1.
1870 785 1930 866 §.
2010 804 2071 847 1.
2141 781 2443 848 Auctor.
2490 782 2784 870 princip.

576 881 720 972 jur.
752 882 1009 972 public.
1047 882 1305 952 Eccles.
1347 903 1496 975 cap.
1540 905 1609 952 2.
1657 887 1717 968 ς,
1761 906 1833 971 7.
1876 884 2189 952 Zalwein
2255 884 2419 952 diss.
2486 884 2565 951 de
2623 898 2774 951 tra-

589 984 719 1052 dit.
751 988 807 1070 §.
848 1006 912 1073 3.

864 1107 871 1112 ·
1458 1092 1499 1176 §
1589 1086 1909 1158 CXLIX.

1189 1303 1326 1378 An
1360 1303 1628 1402 dentur
1663 1302 2164 1378 traditiones?

739 1509 922 1581 Esse
951 1511 1279 1602 quasdam
1314 1512 1400 1579 ad
1447 1533 1665 1580 mores
1694 1504 1771 1578 a'c
1804 1505 2458 1599 fidem'pertinentes
2488 1508 2783 1599 regulas,

585 1632 737 1699 quae
778 1617 920 1681 sine
977 1615 1119 1681 ullo
1160 1617 1511 1702 scripturae
1562 1615 1918 1702 praesidio,
1956 1614 2101 1680 sola
2166 1630 2513 1702 pastorum
2579 1612 2778 1679 fideli·-

583 1716 970 1785 traditione
1015 1715 1338 1782 Ecclesiae
1369 1719 1835 1802 innotuerint,
1875 1716 2072 1783 nobis
2100 1716 2190 1782 ob
2221 1715 2469 1805 Synodi
2497 1713 2781 1783 Triden-

593 1815 754 1882 tinae
798 1820 1282 1886 auctoritatem
1323 1837 1585 1888 certum
1624 1835 1723 1885 est
1752 1808 1907 1914 (1);
1932 1817 2025 1885 de
2066 1816 2558 1885 traditionibus
2586 1838 2779 1903 vem,

587 1939 742 2007 quae
784 1919 958 1990 ritus
997 1938 1422 1991 concernunt
1459 1923 1732 2010 aiiaque
1763 1942 1964 1988 sacrae
1992 1919 2368 2010 disciplinae
2398 1922 2660 2009 eapita',
2692 1942 2776 1988 ne

591 2022 773 2111 ipsos
790 2025 1072 2114 quidem
1088 2024 1553 2093 Protestantes
1573 2019 1904 2092 video'ma
1914 2045 1957 2114 g
1970 2044 2222 2113 nopere
2242 2022 2615 2090 adversari.
2635 2021 2786 2090 Ne-

594 2147 729 2215 que
768 2128 948 2195 enim
991 2124 1309 2218 profecto
1338 2130 1575 2219 negari
1617 2127 2036 2218 potest,jam
2078 2128 2292 2215 prima
2327 2126 2422 2192 rei
2457 2122 2783 2192 ehristia·

593 2250 697 2296 nae
734 2247 933 2300 aetate
1009 2231 1494 2322 scriptoribu5‚
1568 2233 1641 2299 in
1724 2230 2070 2298 reddenda
2147 2229 2563 2317 disciplinae,
2629 2250 2776 2315 quae

596 2347 742 2399 tum
785 2334 1068 2424 vigebat
1097 2384 1118 2420 ‚
1161 2336 1424 2404 ratione
1466 2336 1819 2418 sollicitiS,
1857 2333 2164 2402 eamdem
2192 2329 2229 2398 ὲ
2267 2331 2638 2398 traditione
2673 2352 2781 2397 re-

592 2453 832 2523 pete-re
881 2434 1092 2501 fuisse
1133 2437 1671 2502 usitatissimum.
1750 2435 1859 2500 De
1916 2436 2193 2525 synaxi,
2249 2434 2474 2521 inquit
2527 2432 2778 2501 Socra-

595 2550 698 2600 tes
737 2525 850 2629 (2)
886 2537 1099 2601 variae
1149 2553 1302 2610 sunt
1379 2536 1907 2604 consuetudine-si
1971 2536 2144 2602 Nam
2213 2549 2590 2624 quamqudm
2641 2559 2779 2602 om·

595 2659 705 2703 nes
753 2636 987 2725 ubique
1050 2639 1122 2703 in
1198 2637 1347 2704 orbe
1424 2656 1756 2705 terrarum
1820 2636 2143 2705 Ecclesiae
2220 2639 2509 2728 singulis
2563 2638 2781 2728 septi-

600 2741 807 2808 manis
838 2738 1256 2807 vertentibus
1285 2740 1339 2805 S
1344 2739 1623 2806 abbathi
1662 2741 1980 2829 mysteria
2047 2739 2412 2824 celebrent,
2464 2739 2785 2806 Alexan-

596 2843 778 2910 drini
818 2845 1035 2906 tamen
1087 2857 1152 2907 et
1206 2837 1488 2908 Romani
1539 2864 1624 2908 ex
1679 2843 1955 2929 antiqu-a
2026 2841 2399 2907 traditione
2470 2840 2546 2905 id
2573 2837 2782 2923 face-

595 2965 669 3011 re
696 2960 998 3009 renuunt.
1041 2941 1136 3010 Et
1204 2942 1611 3012 Innocentius
1654 2944 1709 3011 Ι.
1762 2942 2089 3012 Sabbathi
2150 2941 2480 3033 jejunium
2551 2948 2774 3012 omni·-

607 3045 735 3114 bus
773 3043 1162 3113 christianis
1201 3043 1438 3116 volens
1495 3047 1951 3138 persuadere,
1990 3047 2353 3135 Apostolos
2391 3067 2474 3114 eo
2513 3047 2626 3115 die
2669 3049 2784 3138 je·-

594 3149 867 3239 junasse
908 3149 1130 3239 ajebat
1171 3164 1246 3216 ut
1286 3152 1575 3218 traditio
1616 3150 1937 3217 Ecclesia>
1977 3148 2177 3217 habet
2220 3140 2251 3244 (
2261 3139 2358 3241 3).
2389 3149 2537 3215 Nec
2574 3152 2776 3216 aliam

600 3274 870 3320 causam
902 3250 1299 3341 adferebat,
1327 3254 1489 3321 dum
1531 3256 1601 3321 in
1644 3253 1934 3344 epistola
1960 3252 2477 3330 adVictricium
2508 3251 2779 3319 Rotho-

594 3376 983 3446 magensem
1023 3353 1312 3423 formam
1365 3358 1534 3424 disci
1542 3359 1746 3446 plinae
1786 3357 1855 3423 in
1883 3354 2190 3423 Ecclesia
2222 3354 2531 3422 Romana
2555 3356 2778 3423 usita-

596 3475 736 3526 tam
755 3459 849 3525 -azb
872 3457 1187 3525 omnibus
1215 3462 1457 3526 ceteris
1487 3459 1849 3538 tenendam
1878 3480 2017 3525 esse
2045 3455 2539 3540 contendebat,
2568 3477 2772 3544 quam

589 3562 761 3649 quod
804 3558 1249 3649 Apostolica‚
1303 3578 1368 3628 et
1440 3562 1728 3629 Patrum
1780 3560 2150 3627 traditione
2221 3560 2316 3625 sit
2379 3558 2770 3627 constituta.

582 3663 879 3731 Tantum
920 3679 1087 3731 vero
1125 3662 1356 3756 abest,
1397 3681 1474 3733 ut
1514 3666 1618 3731 illi
1674 3679 1909 3734 vetera
1969 3660 2112 3730 haec
2164 3659 2492 3753 majorum
2557 3663 2764 3733 insti-

698 3808 756 3886 1)
836 3811 987 3872 Sess.
1023 3831 1080 3888 4.

657 3812 755 3975 ἕω)
836 3894 965 3952 Lib.
1009 3912 1061 3970 ς.
1091 3906 1218 3969 cap.
1271 3913 1366 3953 22.

655 3972 761 4057 ,(3)
841 3976 913 4033 1η
950 3978 1122 4051 epist.
1150 3979 1230 4034 ad
1254 3976 1473 4038 Dece-n.
1511 3974 1751 4056 Eugub.
1780 3986 1903 4051 cap.
1936 3989 1996 4051 4
