3275 4784
771 214 911 311 176
1497 232 1929 288 ³.EcT1o
2029 235 2147 285 11.

711 359 881 429 Non
919 375 1208 451 putem:
1260 354 1615 448 Principes
1672 379 1789 425 non
1830 373 1980 425 sunt
2018 354 2251 425 timori
2290 353 2441 426 boni
2479 360 2688 451 operis
2703 395 2732 450 ‚-
2771 360 2874 429 sed

708 465 897 534 mali.
956 465 1087 531 Vis
1140 480 1355 532 autem
1410 483 1527 530 non
1579 462 1813 528 timere
1854 460 2309 553 potestatem?
2365 461 2605 532 Bonum
2633 463 2758 549 fac
2807 481 2871 533 et

705 565 989 637 habebis
1036 569 1285 634 laudem
1339 586 1424 632 ex
1476 565 1599 631 illa
1630 588 1650 629 ε
1718 565 1857 632 Dei
1923 566 2088 632 enim
2140 565 2448 632 minister
2482 584 2576 634 est
2627 557 2864 636 tibi'in

702 669 951 739 bonum.
1016 670 1102 736 Si
1163 684 1379 735 autem
1431 669 1667 735 malum
1721 663 2040 757 feceris,
2079 670 2288 741 time:
2354 692 2474 736 non
2527 672 2681 738 enim
2728 674 2857 739 sine

688 794 895 840 causa
951 773 1259 864 gladium
1316 786 1584 860 portat.
1653 770 1788 840 Dei
1854 774 2021 839 enim
2072 772 2376 841 minister
2427 791 2573 867 est,
2628 775 2855 844 vindex

705 875 775 942 in
830 876 998 945 iram
1050 877 1153 966 ei,
1204 875 1317 966 qui
1369 874 1605 944 malum
1660 875 1842 968 agit.
1891 875 1999 944 Ita
2047 875 2326 944 Paulus-

1592 1085 1654 1167 §.
1758 1080 1989 1154 CVII.

711 1294 881 1374 Nec
929 1302 1286 1378 eminenti
1336 1295 1814 1469 ReiPubffe‘t'
1864 1301 1943 1370 in
1989 1319 2117 1373 res
2162 1293 2876 1377 Ecclesiasticorum

1440 1456 1483 1467 ..
1663 1418 1946 1471 ommw.
2528 1444 2538 1457 ·
2838 1427 2850 1435 .,

845 1605 1182 1675 Similiter
1221 1603 1399 1675 bona
1440 1604 1877 1674 ecclesiarum
1906 1603 2343 1695 temporalia,
2382 1612 2656 1678 tametsi
2695 1610 2876 1679 Prin·

691 1708 920 1796 cipum
962 1710 1295 1776 beneflcio
1334 1710 1698 1793 immunia,
1740 1710 2064 1776 eminenti
2108 1708 2532 1797 Reipublicae
2560 1715 2865 1781 dominio

678 1811 983 1900 subjecta
1036 1833 1176 1878 esse
1232 1813 1506 1878 minime
1560 1811 1881 1879 desinunt
1946 1804 2055 1907 (ὃ.
2120 1802 2382 1907 CIII-.).
2445 1812 2687 1897 Quare
2751 1818 2866 1883 ni·-
2943 1876 2950 1882 .

674 1909 775 1980 hil
832 1916 1220 1983 immunitas
1269 1914 1414 1982 haec
1464 1915 1799 2005 impedire
1853 1931 2123 2005 potest,
2178 1935 2318 2004 quo
2371 1918 2603 1995 minus
2644 1920 2712 1986 in
2755 1923 2875 2009 puk

664 2013 847 2085 blica
888 2020 1101 2087 totius
1143 2020 1379 2109 populi
1425 2020 1825 2087 necessitate
1867 2021 2145 2109 exigere
2186 2039 2385 2108 reges
2423 2042 2510 2086 ex
2551 2020 2674 2090 his
2705 2044 2877 2113 quo-

667 2142 804 2210 que
858 2121 1403 2218 bonissubsidia
1450 2121 1603 2211 jure
1644 2123 1919 2190 valeant
1969 2121 2060 2190 ad
2101 2122 2516 2211 patriamab
2559 2126 2873 2195 interitu

660 2226 1177 2295 vindicandam.
1229 2227 1428 2294 Anne
1468 2226 1854 2294 inconsulto
1894 2227 2138 2314 etiam,
2178 2226 2479 2315 inquies,
2519 2225 2852 2298 Romano

657 2326 1038 2397 Pontifice‘i
1086 2330 1302 2398 Immo
1359 2351 1527 2398 vero
1576 2329 1966 2397 inconsulto
2019 2331 2249 2397 etiam.
2304 2327 2659 2418 Equidem
2715 2336 2859 2403 non

655 2431 906 2520 ignoro
936 2483 958 2521 ,
1033 2432 1279 2520 quibus
1343 2431 1617 2505 demum
1683 2431 2199 2501 conditionibus
2275 2431 2696 2504 Innocentius
2766 2436 2862 2507 P.

657 2533 776 2601 111.
805 2526 836 2632 (
865 2526 944 2632 1)
977 2534 1265 2612 subsidii
1296 2536 1493 2605 istius
1519 2534 2100 2604 contributionem
2129 2534 2275 2603 fieri
2304 2556 2540 2625 passus
2570 2541 2693 2609 sit.
2726 2537 2864 2609 Sed

648 2638 795 2731 jam
851 2662 1070 2732 nuper
1122 2640 1661 2731 praemone-bam,
1710 2640 1968 2708 nullam
2013 2642 2087 2707 in
2139 2636 2264 2705 hac
2305 2641 2691 2727 quaestione
2738 2645 2868 2713 de-

644 2745 1038 2811 -cretalibus
1084 2744 1492 2812 Pontificum
1535 2748 1675 2810 vim
1714 2765 1802 2808 ex
1850 2765 1921 2808 se
1957 2761 2153 2828 posse
2194 2738 2404 2805 tribui
2455 2731 2560 2831 (§.
2621 2738 2884 2843 CV.);

642 2844 935 2910 -minime
991 2862 1158 2908 vero
1211 2840 1510 2907 oninium
1562 2841 1742 2921 illis,
1793 2859 1945 2925 quae
1992 2855 2318 2926 supremae
2359 2836 2641 2927 Regum
2685 2869 2871 2919 auc:-
2978 2842 2987 2854 ’

649 2942 920 3010 toritati
974 2940 1315 3032 derogant
1383 2931 1488 3039 (§.
1554 2930 2043 3035 XXXVIII.):
2109 2941 2181 3007 in
2245 2962 2536 3029 quarum
2606 2969 2867 3023 numes-

648 3063 803 3113 rum
856 3042 1074 3136 hanc,
1129 3044 1217 3114 de
1260 3041 1406 3134 'qua
1460 3044 1768 3136 agimuS‚
1816 3042 2179 3113 Innocentii
2233 3044 2700 3144 decretalem,
2758 3078 2873 3126 re-

651 3147 859 3237 tulit,
927 3172 1050 3218 nec
1106 3150 1495 3238 immerito,
1542 3146 2012 3217 Lochstenius.
2074 3146 2248 3215 Eam
2300 3151 2479 3217 enim
2533 3157 2662 3222 etsi
2722 3180 2866 3250 ego

652 3255 753 3322 ita
793 3276 940 3323 esse
981 3270 1455 3345 comparatam
1495 3249 1786 3343 pulchre
1823 3251 2246 3342 intelligam,
2281 3268 2359 3321 ut
2393 3274 2872 3333 consentanea

655 3359 742 3425 sit
778 3378 1057 3446 prorsus
1113 3356 1565 3443 omnimodae,
1617 3376 1822 3445 quam
1858 3355 2141 3453 videtur
2180 3354 2530 3424 affectasse
2564 3360 2867 3433 clerico-

641 3478 791 3527 rum
834 3456 876 3526 ὲ
916 3467 1265 3551 potestate
1304 3461 1495 3528 civili
1550 3458 2143 3552 independentiaet,
2195 3461 2568 3527 cum'veris
2608 3477 2863 3539 tamen

639 3560 867 3629 civilis
887 3562 1060 3649 juris
1094 3565 1493 3654 principiis,
1521 3560 1872 3652 quomodo
1900 3561 2019 3630 illa
2047 3563 2255 3653 possit
2282 3558 2656 3651 cohaerere,
2688 3587 2843 3638 non

630 3662 1004 3753 adsequor.
1076 3667 1262 3736 Nam
1328 3689 1478 3758 quae
1527 3683 1668 3755 est,
1733 3688 2001 3758 quaes0‚
2065 3663 2207 3733 haec
2250 3664 2512 3756 justitia
2574 3668 2854 3764 civilis,

628 3790 780 3859 quae
819 3782 961 3834 tum
1018 3767 1302 3838 demum
1358 3772 1746 3839 necessitati
1803 3769 2116 3839 omnibus
2169 3769 2508 3840 communi
2545 3769 2857 3846 clericos

626 3871 784 3946 vult
808 3871 1178 3960 ,consulere
1214 3922 1240 3962 ‚
1283 3894 1500 3961 quum
1543 3873 1723 3944 bona
1758 3872 2263 3966 laicorum³jam
2300 3870 2634 3955 exhausta
2671 3893 2850 3948 sunt

2031 3972 2507 3999 Q

711 3988 810 4073 (1)
892 3992 1026 4071 Cap.
1066 4011 1123 4076 Ἰ.
1165 3994 1235 4058 de
1282 3994 1432 4055 imm.

2179 4067 2189 4076 ‚-
2260 4049 2302 4076 ’ν
2320 4056 2336 4063 ''
2426 4047 2572 4081 ..Q—:d
