3275 4784
768 291 865 365 54
1555 284 1928 338 SECTIO
2028 287 2081 337 1.

708 428 868 500 tes,
945 409 1371 503 baptizantes
1434 430 1541 478 eos
1603 411 1674 476 in
1729 408 1975 475 nomine
2043 405 2336 503 Patris,
2400 405 2775 501 et.Filii,
2835 425 2897 484 et

704 516 1015 608 Spiritus
1076 516 1316 583 Sancti
1357 537 1376 580 ε
1444 534 1581 603 quo
1647 514 1799 581 loco
1879 512 2252 602 Evangelii
2333 512 2752 601 praedicandi
2822 537 2885 589 et

706 619 1110 689 conferendi
1183 619 1495 707 baptismi
1555 618 2012 707 plenissimam
2062 630 2469 705 potestatem
2524 619 2885 714 accipiunt,

698 725 1122 815 spiritualem
1166 728 1407 813 utique
1439 773 1458 807 .,
1500 743 1631 794 non
1681 716 2080 813 profanamz,
2120 718 2508 812 cujusmodi
2545 724 2746 793 etiam
2782 744 2883 795 est

693 829 1023 919 promissa
1064 828 1357 919 primum
1387 826 1601 895 Petro
1638 817 1794 924 (ι),
1825 844 1892 895 et
1934 827 2004 895 in
2042 814 2272 893 omnes
2311 825 2567 896 deinde
2594 826 2884 920 Aposto-

687 931 785 1000 los
826 933 1080 1000 collata
1121 932 1389 1021 ligandi
1420 949 1487 1001 et
1526 931 1841 1001 solvendi
1887 931 1956 999 in
1998 929 2103 997 his
2143 931 2343 999 terris
2386 946 2712 1020 potestas.
2750 934 2881 1004 Re-

687 1033 1049 1127 pudianda
1102 1038 1283 1103 euim
1338 1053 1438 1105 est
1475 1035 1943 1128 proculdubio
1998 1036 2338 1104 sententia
2390 1035 2667 1105 illorum
2702 1088 2724 1125 ,
2767 1043 2881 1129 qui

687 1140 959 1230 ligandi
1002 1139 1176 1209 hanc
1214 1141 1671 1231 solvendique
1701 1157 2105 1230 potestatem
2138 1139 2234 1208 ita
2263 1140 2415 1208 laxe
2448 1138 2880 1231 interpretati

691 1262 854 1313 sunt
883 1295 907 1333 .,
958 1263 1035 1313 ut
1075 1243 1162 1314 ad
1204 1266 1428 1313 rerum
1470 1247 1676 1313 etiam
1733 1241 2176 1335 profanarum
2218 1243 2882 1314 administrationem

693 1344 1126 1440 proferrentz
1170 1350 1359 1438 quod
1389 1372 1547 1417 sane
1588 1347 1849 1417 factum
1892 1367 1993 1417 est
2035 1364 2273 1417 contra
2311 1363 2608 1417 mentem
2650 1348 2900 1419 Serva*

695 1453 895 1541 toris,
924 1475 1128 1543 quam
1157 1454 1497 1543 explicate
1530 1457 1671 1544 ipse
1699 1455 1970 1543 aperuit
1999 1451 2184 1546 apud
2209 1446 2529 1541 Joannem
2557 1438 2711 1551 (2),
2736 1453 2896 1523 dum

697 1559 834 1626 ait:
876 1557 1076 1625 Sicut
1115 1560 1301 1625 misit
1341 1581 1438 1626 me
1475 1558 1711 1629 vivens
1751 1554 1994 1647 Pater,
2033 1570 2097 1625 et
2143 1578 2268 1650 ego
2306 1557 2503 1627 mitto
2555 1576 2697 1626 vos.
2740 1561 2898 1629 Haec

695 1680 886 1750 quum
926 1661 1219 1729 dixisset
1247 1711 1268 1749 ,
1309 1654 1693 1749 insufflavit
1724 1682 1743 1728 ε
1785 1679 1856 1729 et
1890 1662 2070 1730 dixit
2108 1659 2207 1731 eis
2233 1711 2256 1750 ‚
2293 1657 2620 1752 Accipite
2658 1658 2898 1752 Spiri-

696 1778 833 1831 tum
861 1764 1215 1851 Sanctum,
1243 1786 1509 1852 quorum
1550 1765 1953 1834 remiseritis
1981 1777 2292 1856 peccata,
2318 1766 2753 1835 remittuntur
2776 1762 2902 1855 eis,

690 1884 759 1936 et
802 1890 1070 1956 quorum
1107 1858 1535 1937 retinueritis
1566 1920 1588 1957 ,
1626 1885 1900 1938 retenta
1939 1886 2115 1939 sunt.
2156 1871 2402 1959 Itaque
2438 1870 2704 1960 ligandi
2743 1871 2892 1939 sol-

687 1970 1037 2061 vendique
1074 1988 1373 2063 potestas
1403 1970 1645 2042 eadem
1674 1991 1775 2044 est
1804 1995 1957 2066 quae
1986 1974 2380 2043 remittendi
2415 1974 2894 2064 retinendique
2951 2016 2957 2023 ·

677 2094 1001 2167 peccata,
1030 2075 1217 2166 quod
1246 2079 1530 2170 egregie
1549 2075 1596 2167 ¹e
1626 2078 1945 2147 Patribus
1971 2079 2338 2170 probatum
2365 2077 2565 2147 dedit
2603 2078 2891 2147 Natalis

689 2178 1087 2247 Alexander
1131 2172 1271 2277 (3).
1328 2181 1437 2250 De
1491 2179 1948 2253 Eucharistiae
1999 2186 2071 2250 in
2119 2183 2719 2272 memoriam-ejus
2771 2205 2897 2251 ce·-

683 2283 1034 2351 lebraudae
1080 2285 1233 2374 jure
1287 2286 1531 2355 tertius
1584 2285 1777 2355 locus
1817 2303 1919 2357 est
1973 2286 2163 2379 apud
2214 2284 2452 2356 Lucam
2521 2274 2674 2382 (4)⁴.·
2747 2287 2903 2354 Hoc

673 2381 904 2472 facite
943 2388 1014 2454 in
1055 2409 1256 2455 meam
1296 2390 1959 2460 commemorationem
1992 2412 2014 2458 ε
2069 2412 2222 2480 quae
2277 2389 2447 2480 quin
2500 2404 2649 2458 tota
2688 2390 2907 2479 spiri-

691 2489 900 2558 tualis
940 2491 1065 2578 sit,
1107 2512 1306 2558 nemo
1348 2509 1449 2559 est
1503 2495 1809 2561 omnium
1874 2494 1993 2584 qui
2048 2493 2349 2561 dubitet.
2415 2492 2667 2584 Neque
2730 2492 2910 2561 alte·-

681 2594 827 2663 rius
866 2616 1008 2661 esse
1049 2597 1319 2684 generis
1361 2594 1669 2686 putanda
1708 2614 1811 2667 est
1848 2599 2224 2675 auctoritas
2258 2597 2627 2666 coercendi
2677 2614 2895 2665 teme·

684 2700 960 2767 ritatem
1005 2697 1384 2767 Ecclesiam
1448 2698 1710 2769 Christi
1763 2722 1902 2769 non
1951 2701 2347 2769 audientem
2414 2689 2531 2792 (5)
2563 2748 2587 2784 ‚
2637 2699 2904 2767 edendi

686 2801 922 2893 legeS‚
963 2804 1301 2868 ministros
1342 2799 1793 2887 instituendi,
1849 2820 1987 2868 uno
2039 2800 2293 2884 verbe,
2334 2801 2555 2866 omnis
2593 2802 2902 2889 regendi

691 2901 1025 2990 foculum,
1064 2902 1155 2969 ad
1203 2901 1460 2969 animas
1513 2894 1857 2990 refertur,
1913 2920 2051 2969 non
2091 2898 2179 2967 ad
2220 2920 2555 2991 corpora,
2594 2901 2906 2975 docente

691 3006 1071 3101 Apostolo:
1122 3003 1381 3074 obedite
1443 3002 1850 3096 Praepositis
1912 3004 2164 3073 vestris
2196 3053 2221 3092 ,
2268 3021 2336 3072 et
2392 3004 2733 3096 subjacete
2783 3009 2911 3077 eis.

688 3115 827 3205 Ipsi
865 3113 1032 3182 enim
1071 3110 1545 3204 pervigilant,
1583 3107 1772 3198 quasi
1811 3107 2135 3179 rationem
2178 3126 2306 3201 pro
2358 3110 2697 3177 animabus
2750 3134 2945 3181 ves-·

692 3221 829 3287 tris
870 3216 1207 3286 reddituri
1248 3205 1388 3313 (ὁ).
1438 3210 1694 3283 Cetera
1730 3206 2183 3306 praetermitto
2224 3214 2713 3304 Apostolorum
2747 3213 2913 3303 jura

699 3342 780 3389 ac
823 3323 1006 3390 dona
1060 3324 1339 3410 propria
1368 3370 1391 3409 ‚
1430 3320 1687 3410 quippe
1738 3343 1892 3410 quae
1932 3318 2019 3388 ad
2062 3339 2479 3387 successores
2519 3319 2592 3385 in
2645 3317 2912 3405 episco⁴

700 3440 871 3510 patu
935 3443 1362 3509 nequaquam
1429 3425 1839 3511 pertinuisse
1907 3422 2097 3516 apud
2158 3443 2389 3492 omnes
2449 3421 2524 3489 in
2584 3414 2912 3489 confesso

707 3536 810 3590 est
873 3513 992 3618 (§.
1033 3522 1354 3593 XXXIV.
1385 3511 1443 3618 ).

789 3637 916 3799 (ιζ
1000 3642 1233 3700 Mauh.
1275 3640 1454 3702 XVI.
1498 3648 1595 3707 18.

841 3744 873 3780 2
1002 3720 1138 3795 Cap.
1174 3724 1314 3782 XX.
1365 3744 1459 3784 21.

840 3800 921 3882 3)
1003 3803 1178 3860 His-t.
1222 3804 1455 3863 Eccles.
1501 3824 1628 3866 saec.
1664 3808 1717 3867 I.
1763 3809 1996 3869 dissert.
2039 3824 2100 3885 4.

890 3881 916 3960 )
1000 3880 1139 3953 Cap.
1187 3882 1393 3939 XXII.
1451 3903 1542 3957 19.
2131 3896 2140 3905 ⁸

835 3906 914 4045 ζ)
1001 3962 1197 4020 Man.
1247 3959 1491 4019 XVIII.
1547 3982 1640 4042 17.

808 4044 929 4136 (6)
1014 4045 1126 4105 Aa
1157 4039 1348 4103 Hebr.
1386 4041 1569 4102 XIII.
1621 4060 1716 4123 17·
