3275 4784
764 204 905 282 162
1526 216 2118 275 SECT1011.

711 350 927 420 destis
958 398 982 438 ,
1045 367 1272 418 verum
1322 344 1526 414 etiam
1578 345 1849 414 discolis
1896 344 2171 414 dominis
2221 347 2604 417 reverenter
2664 347 2867 420 subdi-

715 470 821 523 tos
862 475 999 522 esse
1028 477 1124 522 :zze
1166 451 1350 538 Unde
1404 472 1593 539 quum
1640 452 1835 517 multi
1886 449 2170 518 Romani
2221 450 2651 539 Imperatores
2691 446 2866 536 fidem

715 556 980 628 Christi
1057 571 1612 648 persequerentur
1693 556 2039 646 tyrannice
2077 576 2214 620 τετε
2301 577 2429 622 ‘non
2506 558 2866 643 resistendo,

718 663 837 731 sed
895 678 1163 729 mortem
1205 660 1557 750 patienter
1609 673 1677 726 et
1735 660 1983 743 armati
2035 658 2438 726 sustinentes
2479 677 2603 752 pro
2653 659 2877 728 Chris-
2922 675 2927 682 “

724 785 800 837 to
850 766 1236 834 laudantur.
1974 825 1978 829 .

819 869 1080 940 Sciron.
1190 865 1611 937 Germanum
1687 863 1872 936 hunc
1946 864 2011 935 S.
2083 862 2379 952 Thomae,
2448 863 2691 935 foetum
2756 887 2882 935 esse

715 975 991 1045 erudite
1059 970 1304 1063 probat
1372 970 1735 1042 Echardus
1787 973 1858 1041 in
1907 970 2093 1042 Bibl.
2144 970 2386 1042 Ordin.
2454 970 2880 1044 Praedicator.

721 1096 884 1149 tom.
936 1100 999 1147 1.
1039 1094 1213 1172 pag.
1275 1095 1309 1166 3
1328 1096 1448 1176 37.

1638 1299 1702 1385 §-
1775 1293 2022 1367 XCIX.

722 1551 1093 1655 Exemplo
1128 1552 1748 1636 Christianorum
1771 1550 1910 1630 sub
1933 1549 1988 1625 I
1982 1550 2541 1650 mperatoribus
2570 1550 2907 1630 ethnicis.

878 1809 1035 1881 Nec
1088 1809 1176 1882 ab
1229 1806 1365 1881 hoc
1420 1809 1691 1879 Domini
1741 1824 2088 1901 praecepto
2127 1812 2357 1883 aliena
2407 1808 2554 1879 fuit
2611 1824 2925 1882 veterum

719 1909 1279 2004 Christianorum
1321 1914 1796 2003 consuetudo,
1835 1917 2096 2006 optima
2123 1917 2311 1986 illius
2340 1918 2708 2007 interpres.
2734 1912 2915 1983 Nam

721 2022 853 2090 etsi
896 2023 1169 2114 pessimi
1209 2021 1559 2090 interdum
1585 2011 1898 2089 ‘homines
1927 2021 2289 2111 imperium
2321 2020 2766 2107 obtinerent,
2803 2038 2923 2085 nec

729 2124 1046 2196 deessent
1076 2176 1099 2217 ,
1163 2129 1282 2219 qui
1350 2126 1723 2194 liberandae
1771 2123 2171 2215 reipublicae
2223 2127 2514 2195 obtentu
2567 2127 2645 2192 in
2696 2141 2934 2192 eorum

729 2233 1106 2323 perniciem
1160 2228 1648 2321 conjurabant:
1691 2248 1776 2299 eo
1828 2243 2055 2298 tamen
2097 2251 2360 2322 semper
2397 2249 2561 2320 erga
2608 2226 2940 2295 crudelis-

735 2335 942 2403 simos
981 2336 1189 2403 etiam
1219 2334 1385 2402 fidei
1414 2349 1890 2424 persecutores
1918 2333 2254 2424 obsequio
2287 2333 2575 2405 fuerunt
2608 2329 2956 2401 Christia-

728 2439 841 2525 ni,
882 2453 959 2504 ut
998 2433 1192 2505 nefas
1233 2436 1364 2504 sibi
1400 2436 1784 2522 ducerent,
1823 2457 1962 2503 non
2002 2437 2227 2506 dicam
2265 2440 2499 2507 moliri
2555 2434 2943 2528 quidquam

727 2539 805 2608 in
845 2537 1198 2630 Principes
1239 2562 1396 2611 suos
1427 2590 1450 2630 ,
1489 2539 1608 2610 sed
1660 2560 1745 2609 ne
1798 2539 1997 2610 velle.
2036 2542 2315 2629 quidem
2370 2542 2548 2609 male
2600 2541 2702 2617 iis
2735 2588 2759 2627 ,
2813 2536 2947 2627 qui·

734 2642 867 2713 bus
917 2667 988 2713 se
1052 2643 1247 2715 Deus
1298 2646 1443 2734 ipse
1497 2643 1918 2733 subjecisset.
1984 2643 2186 2711 Iidem
2239 2666 2455 2712 sumus
2506 2640 2953 2733 Imperatori·-

731 2745 892 2834 bus,
929 2748 1030 2815 ait
1082 2748 1554 2814 Tertullianus
1607 2737 1763 2836 (1),
1818 2746 1935 2829 qui
1984 2759 2054 2809 et
2108 2746 2355 2810 vicinis
2408 2749 2701 2811 nostris.
2765 2742 2952 2812 Male

732 2851 904 2915 enim
969 2845 1195 2930 velle,
1253 2845 1422 2910 male
1475 2834 1770 2927 facere,
1834 2842 2005 2907 male
2070 2841 2289 2909 dicere
2320 2892 2344 2932 ,
2406 2843 2579 2913 male
2631 2848 2952 2938 cogitare

727 2947 812 3015 de
851 2966 1168 3036 quoquam
1207 2966 1293 3014 ex
1333 2965 1513 3034 oequo
1576 2956 1909 3011 vetamur.
1962 2943 2421 3036 Quodcumque
2476 2968 2604 3015 non
2658 2952 2841 3019 licet
2887 2952 2953 3018 in

729 3049 1202 3142 Imperatorem
1233 3100 1255 3138 ,
1321 3048 1398 3116 id
1445 3068 1524 3116 ne
1588 3047 1659 3114 in
1726 3039 2127 3137 quemquam.
2194 3048 2397 3138 ‚Quod
2456 3052 2527 3119 in
2601 3058 2961 3142 neminem,

736 3177 814 3226 eo
865 3151 1174 3240 forsitan
1237 3152 1458 3247 magis
1511 3173 1624 3220 nec
1678 3150 1747 3218 in
1803 3152 2056 3243 ipsum,
2119 3153 2236 3243 qui
2288 3172 2420 3245 per
2482 3152 2727 3224 Deum
2795 3174 2963 3227 tan·

733 3275 847 3329 tus
890 3265 1017 3329 est.
1052 3258 1251 3327 Idem
1281 3260 1351 3326 in
1395 3256 1574 3325 libro
1616 3254 1949 3326 adversus
1990 3256 2349 3348 Scapulam
2391 3248 2543 3356 (ἠέ
2581 3257 2964 3329 Christia-

733 3385 892 3451 nus,
969 3364 1236 3452 inquit,
1312 3360 1561 3450 nullius
1636 3377 1739 3429 est
1816 3359 2094 3452 hostis,
2165 3362 2395 3432 nedum
2470 3362 2975 3451 Imperatoris=

733 3485 920 3557 quem
961 3464 1171 3533 sciens
1210 3462 1250 3532 ὰ
1289 3462 1446 3534 Deo
1486 3486 1613 3535 suo
1651 3464 2015 3556 constitui,
2055 3486 2309 3536 necesse
2348 3479 2453 3534 est
2492 3479 2569 3533 ut
2610 3479 2689 3532 et
2735 3467 2966 3559 ipsum

738 3568 1044 3658 diligat,
1091 3584 1160 3638 et
1211 3577 1647 3660 revereatur,
1700 3585 1768 3639 et
1834 3566 2157 3662 honoret,
2208 3585 2277 3640 et
2315 3570 2842 3640 ‘salvum‘velit
2873 3589 2975 3639 τετε

597 3671 617 3688 ’
735 3670 974 3759 Itaque
1047 3690 1115 3741 et
1191 3667 1657 3758 sacrificamus*
1702 3691 1833 3765 pro
1904 3670 2144 3743 *salute
2206 3662 2696 3767 Imperatoria?
2734 3670 2968 3743 Unde

733 3793 948 3870 quum
985 3797 1162 3869 saepe
1201 3775 1582 3849 Christiani
1635 3778 1808 3853 laesae
1845 3778 2214 3873 majestatis
2249 3780 2352 3851 rei
2415 3790 2817 3875 agerentur
2868 3775 2962 3847 ab

820 3922 948 4091 ες
1027 3926 1386 4092 ew
