3275 4784
728 211 870 312 136
1524 226 1914 283 sset-10
1981 227 2037 281 ι.

652 354 1005 426 solveritis
1060 355 1130 423 in
1185 357 1416 442 terro,
1466 368 1600 420 cet.
1652 351 1907 421 Nonne
1962 346 2544 441 perspicua'sunt
2592 339 2867 429 haecin

647 462 931 550 primis,
972 461 1384 547 minimeque
1435 453 1821 545 ambigua?
1873 452 2045 544 quid
2095 448 2362 542 igitur?
2416 474 2504 523 an
2558 474 2864 547 potestas

650 565 958 633 clavium
1000 562 1257 630 tributa
1299 558 1512 628 Petro
1554 555 1786 626 forum
1816 556 2179 626 dumtaxat
2211 555 2556 626 internum
2585 580 2882 651 specta-⁷

643 666 824 735 bat?
877 683 995 734 aut
1045 666 1101 732 si
1158 661 1305 733 haec
1360 671 1551 752 non,
1603 683 1732 730 cur
1782 662 2001 752 magis
2054 659 2482 750 reliquorum
2535 664 2850 755 Aposto-

660 767 940 841 lorum?
1795 843 1799 848 ,
2745 817 2750 824 -

746 871 1009 941 Senot..
1118 870 1316 941 Addi
1354 869 1460 939 his
1498 886 1785 961 possunt
1822 865 2133 954 Cyrillus
2173 866 2519 937 Alexand.
2555 870 2678 940 lib.
2727 895 2845 945 12.

641 975 710 1043 in
778 973 1042 1072 Joorm.
1098 975 1163 1043 S.
1223 976 1370 1045 Leo
1421 997 1615 1043 serm.
1679 996 1746 1061 3.
1798 974 1870 1040 in
1922 973 2257 1041 annivers.
2312 990 2632 1064 assumpt.
2688 998 2849 1049 suae.

648 1078 1044 1149 Eucherius
1095 1079 1333 1169 Lugd.
1385 1077 1617 1147 homil.
1666 1080 1747 1146 de
1792 1077 2013 1145 natali
2068 1074 2297 1143 Petri.
2347 1075 2539 1144 Beda
2593 1079 2717 1148 lib.
2773 1106 2852 1169 4.

645 1201 793 1272 cap.
848 1178 960 1250 16.
997 1185 1067 1249 in
1109 1182 1385 1250 Matth.
1426 1184 1700 1272 aliique.
1728 1204 1942 1272 prope
1981 1181 2352 1251 innumeri.
2402 1178 2695 1253 Du-Pin
2765 1185 2848 1257 de

655 1289 873 1378 antiq.
909 1285 1171 1357 Eccles.
1210 1286 1480 1380 discipl.
1521 1286 1684 1355 diss.
1729 1282 1800 1354 6.
1844 1289 1903 1371 §.
1967 1307 2034 1354 1.

1505 1496 1569 1583 §-
1673 1490 2027 1564 LXXXV.

1087 1707 1551 1784 Bellarmini
1584 1722 1667 1782 et
1701 1710 2021 1783 aliorum
2063 1712 2468 1785 sententia.

806 1906 1331 2001 Peropportune
1375 1910 1482 1980 his
1549 1911 1919 1982 intercedit
1972 1909 2195 2005 Actor
2248 1908 2586 1980 vindicati
2627 1906 2857 1980 Anti·-

650 2010 998 2083 Febronii.
1040 2017 1256 2104 Vere,
1295 2019 1520 2107 inquit
1558 2018 1677 2086 ille
1718 2008 1870 2113 (ι),
1910 2015 2161 2084 Patres
2216 2016 2574 2102 adserunt,
2629 2017 2884 2084 claves-

632 2112 862 2201 fuisse
916 2143 1037 2188 non
1090 2122 1216 2188 soli
1258 2119 1507 2208 Petro,
1561 2121 1678 2188 sed
1720 2121 1967 2189 ceteris
2023 2119 2227 2187 etiam
2277 2118 2634 2209 Apostolis
2689 2134 2850 2186 tra-

651 2223 891 2312 ditas3
953 2225 1070 2293 sed
1088 2307 1093 2312 ,
1129 2226 1287 2293 aliae‘
1352 2226 1574 2293 claves
1624 2241 1777 2293 sunt
1813 2275 1834 2314 ,
1888 2246 2051 2314 quas
2106 2222 2356 2291 Petrus
2421 2241 2560 2288 cum
2614 2215 2867 2312 Apos-'

649 2328 814 2396 tolis
867 2328 1388 2417 accepit‚ialiae
1452 2352 1595 2417 quae
1661 2330 1774 2397 uni
1840 2328 1976 2419 ipsi
2028 2322 2317 2411 fuerunt
2381 2346 2715 2401 concessae.
2752 2320 2855 2395 Et

655 2449 742 2496 ne
809 2428 934 2495 diu
1001 2449 1122 2495 nos
1188 2452 1549 2519 suspensos
1602 2446 1886 2520 teneat,
1937 2431 2219 2518 claves,
2273 2430 2559 2521 pergit,
2619 2424 2872 2518 Apos-v

652 2530 815 2598 tolis
879 2534 1253 2601 commissas
1302 2529 1527 2619 fuisse
1589 2534 1816 2604 claves
1883 2534 2454 2603 extraordinariae
2502 2530 2855 2622 ‚cujusdam

643 2639 1023 2725 potestatis
1063 2685 1086 2727 ,
1175 2661 1319 2727 quae
1409 2639 1478 2708 in
1553 2637 1727 2728 ipsis
1812 2637 2335 2725 quemadmodum
2413 2636 2888 2726 apostolatus„

655 2743 781 2807 cui.
827 2743 1193 2807 intrinseca
1253 2737 1411 2819 fuit
1453 2788 1475 2823 ‚
1551 2741 2008 2825 extinguenda
2068 2754 2218 2801 erat
2255 2758 2278 2800 t
2356 2751 2593 2803 contra
2667 2738 2880 2805 ordi··
2928 2771 2942 2782 ·

650 2843 864 2907 nariae
912 2838 1286 2927 potestatis
1335 2837 1405 2901 in
1455 2837 1638 2925 ipsos
1690 2854 1941 2925 quoque
1988 2832 2357 2925 Apostolos
2410 2829 2641 2920 fuisse
2702 2838 2863 2907 cla-

645 2960 764 3020 ves
802 2938 1048 3028 Petri,
1083 2958 1225 3027 quae
1257 2938 1537 3029 proinde
1577 2936 1668 3006 ad
1716 2935 1858 3028 ejus
1912 2935 2317 3007 sui-cessores
2348 2987 2373 3026 ‚
2424 2959 2500 3008 ac
2546 2956 2674 3031 per
2732 2940 2863 3011 hos

640 3041 854 3113 etiam
904 3044 1003 3114 ad
1061 3042 1538 3133 Apostolorum
1603 3062 2005 3112 successores
2056 3038 2426 3133 Episcopos
2486 3044 2561 3111 in
2608 3062 2857 3135 perpe-

648 3160 834 3221 tuum
899 3148 1232 3218 universae
1289 3145 1616 3221 Ecclesiae
1680 3147 2065 3216 commodum
2118 3163 2572 3238 permansurae
2631 3162 2882 3228 trans-.-

652 3253 845 3322 mitti
913 3252 1301 3322 debuerunt.
1344 3251 1520 3319 Nam
1582 3251 1696 3320 vel
1713 3250 1943 3340 ipsa,
1995 3252 2093 3320 ait
2144 3271 2402 3341 porro·⁹
2462 3247 2869 3342 episcopalis

639 3371 954 3445 potestas
988 3404 1010 3443 ‚
1076 3376 1219 3444 quae
1282 3355 1848 3422 extraordinarias
1895 3353 2089 3423 illius
2144 3372 2313 3445 pars
2373 3376 2616 3445 magna
2666 3349 2857 3442 fuit,

654 3458 789 3524 etsi
839 3480 983 3526 cum
1037 3458 1395 3548 Apostolis
1445 3458 1730 3525 interire
1798 3480 1920 3528 non
1967 3458 2205 3527 ‘debuit
2235 3508 2258 3546 ‚
2308 3458 2427 3525 sed
2477 3473 2727 3548 semper
2776 3459 2853 3525 in

655 3557 965 3627 Ecclesia
1048 3579 1364 3651 perstare
1436 3552 1615 3659 (quo
1679 3562 1817 3642 illa
1890 3558 2190 3629 Christi·
2243 3567 2601 3653 spectant:
2689 3581 2898 3628 ecce·-

657 3684 792 3753 ego
846 3664 1245 3753 vobiscum,
1293 3667 1371 3733 id
1419 3681 1519 3733 est
1552 3716 1573 3753 ,
1623 3686 1763 3733 cum
1816 3664 1963 3733 illis
2018 3688 2315 3756 quoque,
2369 3664 2482 3753 qui
2525 3678 2685 3754 post
2738 3686 2859 3732 vos

640 3782 987 3859 pastorum
1028 3791 1287 3835 munere
1311 3766 1695 3860 fungentur
1727 3821 1749 3855 ‚
1790 3791 2005 3857 usque
2046 3770 2137 3839 ad
2189 3767 2851 3836 consummationem

605 3860 941 3968 saeculi)
1008 3892 1128 3939 non
1203 3887 1418 3939 tamen
1488 3891 1615 3963 per
1692 3870 2061 3961 Apostolos
2135 3865 2509 3960 transferri
2584 3869 2852 3964 debuit,

734 3994 825 4077 (1)
910 3994 1089 4057 Part.
1132 4016 1181 4056 1.
1213 3996 1353 4055 diss.
1386 4014 1446 4057 α.
1483 4009 1608 4072 cap.
1645 4012 1699 4055 2.
1732 3997 1782 4075 §.
1824 3994 1885 4057 6.
