3275 4784
779 246 918 300 122
1561 193 1943 291 snc‘rfo
2030 238 2085 289 1.

718 374 858 440 tius
900 365 1317 461 principium
1351 377 1452 434 est
1490 356 1759 432 honesti
1802 383 2167 452 rerumque
2222 357 2627 435 divinarum
2669 361 2936 444 intelli-

725 476 961 567 gentia
989 524 1010 562 ,
1065 493 1216 562 quae
1256 469 1523 538 suaderi
1568 470 1849 558 quidem
1892 486 1962 537 et
2002 467 2327 536 docendo
2372 470 2617 538 instrui
2682 494 2941 569 potest,

727 580 1017 670 irnperio
1080 598 1161 643 ac
1211 574 1282 645 vi
1338 575 1735 664 extorqueri
1796 594 1934 642 non
1969 588 2257 664 -potest.
2339 573 2816 647 Nettelblatdt
2872 585 2945 652 in

732 684 923 754 elem.
948 681 1239 775 jurispr.
1273 679 1578 747 natural.
1610 693 1805 769 part.
1850 699 1917 746 2.
1959 677 2082 746 lib.
2131 699 2196 764 3.
2239 680 2300 763 §.
2345 677 2521 766 736.
2565 681 2730 750 Haec
2766 682 2947 757 ’fere

727 805 936 875 sunt,
974 801 1097 853 aut
1149 784 1241 851 ad
1282 781 1427 850 haee
1492 779 1734 851 reduci
1800 782 2041 852 saltem
2107 800 2387 873 possunt
2447 786 2727 877 omnia,
2779 811 2935 878 quae

728 891 935 981 objici
976 891 1268 978 imperio
1305 906 1499 954 sacro
1537 907 1694 955 cum
1734 887 1967 979 aliqua
2004 888 2231 979 specie
2270 905 2594 976 possuntt,
2636 891 2724 959 de
2766 895 2931 982 qui·-

728 994 858 1063 bus
896 993 1046 1062 vid.
1088 992 1302 1085 Gasp.
1341 990 1628 1061 Barthel
1668 992 1738 1060 in
1776 1006 1986 1062 tract.
2024 993 2102 1058 de
2143 1013 2215 1058 eo
2242 1042 2264 1080 ,
2304 994 2477 1079 quod
2505 994 2690 1063 circa
2732 995 2926 1066 liber.

731 1098 1020 1167 exercit.
1059 1097 1266 1190 relig.
1306 1118 1391 1162 ex
1449 1097 1606 1189 lege
1657 1097 1797 1164 div.
1841 1096 2096 1188 justum
2146 1111 2248 1164 est
2289 1101 2435 1188 capss
2490 1118 2562 1191 9.
2620 1096 2930 1171 Schmidt

731 1202 899 1271 Inst.
945 1202 1090 1293 jur.
1144 1202 1372 1271 eccles.
1415 1218 1559 1292 cap.
1624 1209 1690 1268 ι’.
1740 1213 1903 1269 sect.
1970 1224 2031 1270 1.
2083 1203 2142 1286 §.
2223 1222 2284 1266 1.
2327 1205 2512 1270 εἴα.

836 1305 1243 1375 SenoL.11.
1351 1304 1533 1373 Nam
1585 1305 1779 1394 quod
1843 1306 1965 1374 alii
2007 1304 2096 1374 ad
2142 1323 2382 1374 verum
2422 1304 2784 1397 imperium
2818 1307 2930 1398 jus

732 1411 942 1480 etiarn
983 1412 1144 1480 vitae
1198 1410 1514 1498 necisque
1572 1409 2027 1497 desiderant,
2081 1408 2159 1476 id
2215 1428 2385 1476 vero
2436 1413 2669 1478 nescio
2735 1434 2940 1500 quam

740 1532 926 1584 recte
971 1513 1113 1582 fiat.
1155 1513 1412 1580 Dicant
1456 1512 1530 1582 hi
1570 1513 1753 1579 nobis
1793 1503 2057 1610 (verba
2095 1528 2253 1581 sunt
2283 1512 2651 1580 Zal‘wein'ii
2682 1531 2841 1582 tom.
2865 1541 2944 1602 4.

728 1619 955 1710 princ.
985 1617 1131 1734 J'ur.
1203 1618 1433 1683 eccles.
1475 1635 1645 1708 pag.
1707 1607 1872 1713 86.)
1911 1640 2112 1707 quare
2158 1599 2469 1713 potestas
2517 1604 2787 1705 imperii
2822 1640 2945 1686 ne-

744 1721 1036 1787 cessario
1094 1719 1248 1806 jure
1311 1721 1542 1807 gladii
1597 1720 1764 1786 vitae
1826 1737 1894 1787 et
1969 1722 2146 1788 necis
2214 1719 2449 1789 debeat
2515 1742 2657 1788 esse
2714 1741 2948 1790 arma-

752 1822 873 1889 ta?
941 1822 1126 1911 Quid
1173 1824 1231 1889 si
1299 1821 1615 1889 Dominus
1674 1823 1912 1913 Deus,
1978 1825 2091 1913 qui
2158 1826 2333 1892 solus
2382 1808 2491 1891 ests
2549 1833 2790 1893 auctor
2830 1828 2942 1893 vi·-

748 1942 837 1994 tae
904 1943 969 1993 et
1036 1926 1259 2013 necis,
1313 1926 1444 1993 sibi
1507 1928 1634 1994 soli
1686 1928 1803 2018 jus
1855 1929 2088 2019 gladii
2152 1915 2567 1995 reservasset
2608 1929 2775 2017 ,de
2839 1950 2945 1998 ce-

754 2046 899 2099 tero
958 2047 1173 2099 autem
1252 2033 1591 2121 imperizm
1657 2034 1816 2100 aliis
1880 2033 2109 2099 mediis
2182 2033 2649 2148 compulsoriis
2715 2041 2947 2102 'armas-

756 2153 915 2223 set,
978 2154 1041 2203 et
1117 2139 1183 2202 in
1247 2137 1648 2235 imperantes
1708 2153 1929 2204 cetera
1998 2137 2212 2203 omnia
2252 2136 2433 2227 jura
2482 2138 2661 2235 alias
2710 2138 2952 2228 majes-

758 2241 901 2314 titi
992 2240 1248 2309 adnexa
1317 2240 1890 2309 transtulisset?
1917 2225 2193 2308 Dicant
2229 2239 2454 2308 'nobts
2466 2288 2493 2358 ‚⁹
2547 2261 2761 2327 quare
2841 2263 2952 2308 so-

760 2326 889 2411 Ιιῖη
960 2344 1073 2432 J’u's
1143 2346 1308 2412 vitae
1372 2361 1440 2410 et
1515 2346 1692 2411 necis
1734 2361 2144 2433 potestatem
2209 2343 2479 2434 imperii
2546 2344 2950 2411 constituat?

760 2447 848 2512 Si
918 2448 1198 2528 dicant,
1248 2448 1422 2542 quod
1481 2445 1619 2512 lzoc
1668 2448 1871 2513 solum
1931 2449 2027 2515 sit
2096 2449 2376 2516 medium
2415 2498 2437 2535 ,
2491 2469 2612 2536 quo
2667 2446 2949 2516 homines

758 2551 826 2616 in
869 2571 985 2616 suo
1034 2540 1303 2633 officio
1326 2550 1704 2638 contineri,
1771 2567 1842 2619 et
1906 2551 2052 2640 ipsa
2113 2551 2496 2648 respublica
2552 2559 2780 2662 contra
2847 2552 2951 2615 in·

748 2654 968 2746 justos
1032 2657 1455 2745 adgressores
1523 2656 1930 2722 conservari
1968 2639 2156 2722 valet
2212 2671 2283 2722 et
2349 2654 2592 2740 debet,
2608 2654 2952 2743 -r-eplica·

760 2778 940 2840 mus,
1005 2777 1081 2818 ne
1122 2759 1376 2840 quidem
1430 2755 1557 2820 hoc
1608 2753 1824 2846 ipsum
1869 2742 2242 2818 remedium
2287 2774 2426 2817 esse
2463 2744 2821 2834 suffic-tens
2875 2757 2954 2823 ad

761 2857 1089 2923 hominum
1142 2854 1474 2919 malitiam
1541 2838 1979 2920 coercendam.
2033 2851 2151 2917 An
2203 2872 2325 2916 non
2366 2852 2612 2948 dantur
2667 2853 2950 2927 homines

750 2952 1176 3044 facinorosi,
1214 2951 1463 3040 fures,
1530 2970 1874 3046 raptores,
1915 2951 2311 3043 homicidae,
2352 2956 2488 3044 qui
2551 2966 2660 3025 ne·
2698 2964 2944 3050 quidem

753 3082 1005 3153 poenam
1048 3060 1291 3129 mortis
1323 3056 1604 3128 curant3
1646 3059 1908 3127 Deinde
1937 3059 2010 3127 si
2031 3043 2111 3127 id
2147 3047 2236 3157 ad
2271 3063 2777 3138 conservandam
2813 3055 2945 3134 'sta-

764 3182 902 3236 tum
950 3166 1382 3233 necessarium
1422 3169 1576 3260 es'se
1602 3163 1944 3252 dicam'u‘s,
1941 3168 2175 3233 omnes
2151 3160 2548 3272 prosette
2567 3155 2950 3255 respublicae

771 3273 1060 3342 minores
1119 3268 1460 3337 cessabunt
1514 3274 1692 3337 esse
1720 3214 2157 3366 respublicae,
2182 3267 2420 3358 'qiiia
2409 3255 2805 3342 necessario
2845 3274 2956 3340 de·

773 3376 927 3442 bent
968 3374 1371 3440 succumbere
1422 3367 1840 3441 civitatibus
1882 3370 2254 3462 majoribus
2269 3359 2724 3462 pr'aepotentia
2764 3386 2955 3462 prae‘-

771 3476 1201 3564 valentibus,
1252 3476 1374 3544 hoc
1412 3478 1573 3567 ipso
1598 3478 1769 3567 qu'od
1799 3469 2208 3598 efficacibusj
2233 3477 2591 3548 resistendi
2642 3477 2947 3546 remediis

774 3580 1252 3647 destituantur.
1291 3581 1606 3676 Suscipit
1640 3601 1801 3672 ergo
1826 3565 2138 3684 potestas
2167 3565 2447 3692 tmperii
2468 3579 2678 3668 majus
2718 3593 2784 3646 et
2823 3583 2949 3649 mi-

775 3681 907 3751 nas
925 3733 945 3768 ,
1008 3707 1120 3754 nec
1179 3686 1487 3752 consistit
1551 3686 1624 3754 in·
1679 3685 2119 3753 indivisibili
2163 3667 2404 3774 ,Qum-e?
2439 3703 2623 3773 ergo
2662 3682 2832 3749 tile
2821 3695 2951 3752 non

781 3778 1045 3853 deberet
1111 3787 1357 3856 habere
1411 3806 1820 3878 potestatem
1882 3790 2149 3895 imperii
2181 3840 2224 3878 ,
2256 3788 2404 3879 qui
2421 3785 2655 3855 habet·
2679 3786 2796 3877 J‘us
2833 3783 2952 3870 fe-

782 3892 971 3960 rendi
1045 3892 1279 3982 leges,
1355 3893 1656 3961 dictandi
1726 3911 1953 3981 poenas
1995 3942 2017 3981 ,
2078 3894 2219 3961 sola
2281 3893 2515 3962 mortis
2581 3910 2773 3983 poena
2831 3912 2952 3958 ex-

779 4015 1023 4089 cepta,
1069 3995 1377 4089 ejiciendi
1404 4045 1426 4088 ,
1461 3996 1958 4089 proscribendi.
1984 4022 2019 4065 e
2058 3998 2580 4090 communitate,
2637 3992 2947 4067 omnibus-
