3275 4784
1245 240 1627 326 cAP'uT
1728 276 1856 328 ιτ.
2407 273 2589 354 -147

429 400 633 469 *vitiis
683 396 1168 471 deliberarent.
1231 394 1500 464 Indixit
1552 391 1972 486 Episcopus·
2001 392 2378 465 Gurcensis
2418 398 2625 470 Mat*-

446 500 660 569 thaeus
707 500 855 571 Lan
911 524 986 568 us
1036 496 1323 567 Caesaris
1372 500 1445 565 in
1494 494 1700 567 Italia
1738 496 2085 567 Vicarius.
2125 494 2620 571 Convenerattt

441 525 1237 719 cardinalelzuatuor,
1264 599 1756 689 quorumdam
1778 599 2072 670 aliorum
2108 599 2620 694 Procuratores,

430 721 497 774 et
520 708 913 796 complures
938 705 1311 796 praesertim
1338 702 1730 772 Galliarum
1754 702 2120 817 Episcopi,
2147 701 2522 797 Oratoresq
2534 730 2616 776 ue
2673 720 2688 731 ·

410 805 760 877 Ludovici
799 808 1038 900 Regis.
1077 807 1240 876 Post
1280 822 1417 874 tres
1456 804 1627 874 Pisis
1667 804 1935 875 habitas
1986 805 2282 879 sesiones
2322 803 2615 880 Medio·-

424 909 661 979 lanum
702 911 1102 980 translatum
1140 924 1282 994 est,
1319 907 1446 976 ubi
1482 903 1734 1004 Julius
1769 929 2044 979 causam
2081 911 2304 1001 jussus
2354 911 2614 1004 dicere,

418 1013 621 1103 quod
654 1035 726 1081 se
763 1010 1079 1082 Concilio
1120 1010 1635 1080 inobedientem
1675 1009 2140 1101 exhibuisset,
2173 1012 2338 1082 a'nn.
2377 1024 2613 1102 '151²-

402 1115 535 1183 -die
576 1117 912 1205 vigesima
951 1117 1169 1206 prima
1211 1114 1472 1204 Aprilis
1500 1113 1800 1183 *solemni
1837 1114 2178 1186 sententia
2221 1117 2443 1206 gradu
2483 1130 2610 1189 suo

408 1218 761 1285 ‘excidisse
800 1218 1193 1286 declaratus
1229 1232 1367 1304 est,
1394 1232 1593 1284 extra
1614 1215 1922 1286 Galliam
1953 1218 2072 1287 vix
2101 1219 2420 1307 cuiquam
2451 1240 2613 1310 prob-

418 1310 609 1387 -bata.
652 1320 1059 1391 Mediolano
1096 1318 1528 1410 Lugdunum
1569 1322 1881 1409 transiit,
1921 1317 2319 1410 infectaque
2360 1343 2429 1392 re
2467 1325 2612 1392 dis-

435 1422 732 1490 solutum
766 1440 897 1492 est.
1450 1450 1459 1454 ’
2493 1452 2497 1461 ·

514 1523 777 1594 Senon.
883 1526 1065 1595 Acta
1103 1521 1400 1595 Concilii
1440 1522 1636 1593 edita
1675 1541 1856 1594 sunt‘
1880 1524 2154 1593 Parisiis
2196 1547 2346 1594 ann.
2388 1524 2603 1598 1612.

415 1624 485 1694 in
524 1651 598 1713 4.
638 1630 880 1695 omissa
920 1628 1173 1697 deinde
1215 1628 1285 1695 in
1325 1625 1856 1695 collectionibus
1895 1625 2395 1697 Conciliorum.
2425 1626 2604 1700 Pau·-

412 1732 493 1794 ea
529 1726 759 1798 habet
776 1727 1079 1800 Colleti:
1088 1752 1246 1798 nec
1284 1730 1507 1815 multo
1547 1729 1745 1818 plui-a
1790 1728 2103 1800 Mansius
2140 1731 2214 1798 in
2257 1731 2597 1823 Supplem.

414 1845 571 1899 tom.
615 1853 682 1917 5.
713 1849 884 1924 pag.
933 1853 1103 1921 347.
1140 1833 1520 1903 Historiam
1560 1831 1760 1900 dedit
1800 1832 2074 1902 Richer
2087 1834 2227 1900 inb
2247 1852 2498 1926 ψεαρ.
2527 1854 2599 1906 2.

411 1932 809 2003 Auctoritas
844 1935 1042 2027 ejus,
1079 1942 1283 2025 quam
1321 1934 1589 2024 aliquot
1621 1934 1828 2001 editis
1861 1934 2594 2005 commendationibus

406 2022 835 2104 defendebat
870 2036 1231 2127 Philippus
1259 2036 1518 2104 Decius
1545 2035 1590 2113 J
1596 2036 2097 2104 ur1sconsuhus
2128 2035 2601 2106 Mediolanen-

410 2137 505 2205 sis
539 2157 681 2205 non
711 2138 1071 2226 indoctus,
1109 2140 1364 2228 quanta
1400 2138 1542 2222 sit,
1579 2136 1822 2205 docuit
1877 2135 2188 2205 Natalis
2202 2135 2598 2208 Alexander

408 2239 543 2307 cit.
582 2240 746 2310 diss.
789 2242 991 2310 artic.
1014 2262 1106 2326 ,3
1126 2238 1218 2306 in
1242 2232 1371 2322 fin.
1408 2253 1489 2304 et
1517 2237 1721 2305 artic.
1747 2259 1846 2323 4.

1232 2492 1239 2503 ›
1296 2460 1413 2555 «5..
1476 2451 1708 2525 XCV.

996 2648 1424 2734 'Concilium
1446 2670 1451 2673 ’
1470 2655 2010 2735 Lateranense.

432 2856 755 2928 -Paium
784 2859 1055 2929 moveri
1087 2853 1359 2928 Pisano
1373 2854 1505 2928 lioe
1531 2852 2020 2931 conventiculo
2047 2855 2366 2926 visusest
2403 2849 2564 2953 Ju-
2625 2934 2632 2943 ,

399 2949 547 3027 lius
568 2959 658 3026 Ρ.
687 2963 823 3027 suis
846 2959 1355 3052 amicorumque
1380 2961 1659 3030 viribus
1674 2958 2060 3050 praelidens.
2087 2954 2186 3026 Ut
2213 2980 2297 3029 ne
2321 2960 2582 3041 tamen,

398 3061 591 3150 q'uod
616 3061 720 3130 ad
761 3060 1263 3182 intercipienda
1312 3062 1456 3154 ejus
1507 3064 1825 3132 comilia
1847 3064 2276 3152 peitineret3
2331 3077 2585 3130 temere

396 3164 828 3273 negligeret,
867 3166 1055 3235 aliud
1097 3169 1165 3235 in
1188 3163 1636 3234 Lateranensi
1661 3164 1960 3233 Basilica
1985 3159 2375 3228 Concilium
2423 3181 2583 3229 ann.
2614 3166 2623 3177 ’

398 3269 620 3351 151‘2.
660 3267 953 3357 indixit,
991 3270 1181 3360 quod
1218 3269 1400 3335 inter
1438 3266 1925 3337 Lateranensia
1966 3263 2308 3352 quintum
2323 3258 2574 3329 nume-

392 3384 571 3441 rant.
612 3369 1029 3440 Absolutum
1067 3388 1171 3440 est
1204 3391 1366 3439 ann.
1431 3393 1456 3436 1
1480 3390 1649 3458 517.
1704 3366 2086 3439 duodecim
2139 3349 2580 3435 sessionibus.

388 3467 868 3542 Interfuerunt‘
910 3473 1249 3565 Episcopi
1277 3474 1556 3543 sessioni
1594 3472 1898 3563 quidem
1907 3469 2150 3561 primae
2205 3488 2338 3538 non
2393 3465 2571 3539 adeo

391 3572 628 3661 multi,
681 3575 870 3665 iique
920 3578 1315 3644 maximam
1335 3592 1598 3666 partem
1652 3577 1838 3646 Itali.
1892 3570 2138 3642 Crevit
2193 3571 2452 3640 deinde
2505 3582 2578 3640 et

398 3670 907 3766 Episcoporum
940 3695 1010 3747 et
1046 3675 1521 3748 Cardinalium
1562 3674 1883 3748 numerus
1923 3674 2136 3765 adeo,
2178 3691 2268 3744 ut
2301 3692 2576 3744 centum

396 3789 469 3841 et
490 3781 1012 3865 quatuordecim
1033 3778 1241 3850 fuisse
1261 3781 1746 3853 memorentur.
1779 3776 2179 3852 Adfuerunt
2201 3780 2408 3846 etiam
2440 3794 2578 3846 om-

387 3877 577 3957 nium
611 3876 756 3950 fere
784 3882 1182 3973 Principum
1217 3882 1769 3956 Christianorum
1806 3880 2181 3967 Oratores,
2223 3878 2575 3970 ipsiusque

388 3971 566 4052 adeo
618 3981 949 4057 Ludovici
1000 3985 1152 4055 XII.
1210 3985 1607 4059 Galliarum
1649 3989 1901 4082 Regis,
1952 3988 2085 4078 qui
2122 3980 2409 4059 Caesaris
2462 3994 2584 4049 se·-
