3275 4784
1291 277 1637 333 capur-
1751 276 1869 331 11.
2498 254 2642 356 189

1360 501 1422 585 ς.
1539 494 1800 571 cva

477 697 613 778 Ex
678 723 814 810 qno
839 698 1036 796 fluit
1077 685 1405 795 primuni
1425 696 1568 798 jus
1613 691 2170 774 determinandi
2218 691 2681 795 adiaphora.

639 920 884 991 Omnis
925 939 1155 992 autem
1203 920 1600 1012 Principum
1638 917 2194 992 Christianorum
2233 923 2419 990 circa
2483 940 2678 991 sacra

488 1041 790 1117 potestas
829 1028 1088 1116 triplici
1128 1028 1556 1116 potissimum
1600 1025 1752 1115 jure
1797 1027 2217 1095 continetur.
2259 1025 2493 1115 Atque
2533 1025 2678 1116 pri·-

395 1158 398 1162 ’
489 1151 675 1200 mum
727 1131 1008 1221 quidem
1051 1130 1209 1220 jure
1247 1153 1384 1220 ea,
1437 1152 1579 1220 quae
1644 1151 1843 1218 neque
1898 1128 2205 1196 naturali
2256 1130 2519 1195 ratione
2570 1149 2693 1197 ne—

491 1256 616 1323 que
666 1234 1077 1305 revelatione
1142 1250 1394 1304 certam
1431 1227 1723 1320 formam
1776 1230 2076 1323 hahent,
2127 1248 2326 1321 atque
2379 1215 2539 1299 adeo
2602 1229 2697 1298 ad

494 1335 887 1428 Religionis
952 1334 1348 1409 christianae
1416 1336 1854 1405 substantiam
1928 1357 2049 1438 non
2124 1335 2474 1426 pertinent
2507 1382 2530 1421 ‚
2608 1332 2702 1402 ad

504 1460 647 1507 eum
710 1440 959 1508 modum
1033 1440 1516 1509 determinandi
1542 1489 1566 1529 ‚
1628 1462 1813 1542 quern
1860 1457 2008 1530 pax
2067 1453 2136 1508 et
2204 1438 2384 1506 salus
2435 1435 2701 1504 civita-

502 1542 602 1610 tis
664 1544 1034 1612 necessario
1105 1543 1360 1635 exigit.
1425 1544 1608 1612 Nam
1671 1565 1823 1634 quae
1885 1558 2046 1613 sunt
2109 1539 2501 1633 ejusmodi,
2552 1538 2704 1608 haec

491 1661 851 1735 *tamquam
888 1647 978 1715 ad
1039 1648 1446 1738 religionem
1496 1645 1781 1716 Christi
1833 1646 2253 1735 arbitraria,
2290 1660 2454 1714 utro
2493 1642 2706 1714 modo

501 1750 1089 1837 determinentur,
1126 1751 1216 1818 ad
1253 1752 1542 1821 salutem
1568 1748 2123 1822 Christianorum
2152 1753 2492 1817 internam
2522 1744 2703 1841 nihil

500 1851 722 1922 refert
752 1903 775 1939 ,
827 1855 1248 1942 permultum
1287 1871 1519 1923 autem
1557 1875 1790 1945 saepe,
1838 1855 1902 1919 si.
1944 1854 2223 1921 civilem
2288 1847 2703 1920 felicitatem

504 1969 796 2043 spectes·
850 1956 1085 2043 Atque
1138 1953 1275 2021 hoc
1324 1956 1463 2046 jam
1515 1975 1721 2043 supra
1789 1954 2107 2023 dedimus
2169 1954 2592 2044 probatum,
2626 1955 2706 2022 in

504 2057 714 2126 rebus
755 2056 1138 2147 disciplinae
1163 2057 1666 2127 constituendis
1705 2078 1863 2126 eum
1903 2071 2223 2147 oportere
2264 2055 2529 2125 servari
2558 2077 2709 2150 mo-

509 2159 733 2250 dum,'
757 2178 837 2231 ut
878 2159 1052 2244 nihil
1119 2160 1533 2230 decernatur
1583 2160 1782 2230 civili
1836 2161 2250 2252 populorum
2288 2157 2494 2226 saluti
2521 2158 2709 2246 *don-

435 2327 439 2332 .
509 2266 840 2350 trarium.g
890 2256 1008 2361 (-§.
1060 2255 1306 2362 XLI.)
1354 2262 1569 2355 Cujus
1636 2265 1736 2332 rei
1798 2264 2137 2354 judicium
2194 2263 2517 2352 quoniam
2557 2261 2707 2353 eJus

514 2374 619 2448 est'
657 2369 1073 2458 dumtaxat,
1125 2370 1250 2459 qui
1306 2388 1688 2460 supremam
1741 2369 1811 2434 in
1864 2366 2252 2458 Republica
2303 2381 2713 2458 potestatem

515 2468 784 2552 obtinet
813 2461 1335 2570 2-(§.·CV11.)
1399 2468 1797 2543 confectum
1850 2488 1951 2540 est
1995 2522 2018 2561 ‚
2059 2473 2132 2540 in
2170 2485 2509 2563 potestate
2565 2467 2716 2538 Ec-

504 2574 741 2643 clesiae
791 2597 929 2644 non
979 2598 1177 2664 esse,
1228 2577 1612 2647 arbitrariis
1676 2574 1821 2667 ejus
1874 2577 2142 2665 generis
2211 2574 2456 2643 ritibus
2509 2574 2717 2643 aliam

506 2673 815 2748 formam
872 2680 1176 2752 tribuere
1208 2731 1233 2770 ,
1271 2702 1478 2772 quam
1526 2702 1681 2770 quae
1718 2700 1877 2747 cum
1915 2679 2144 2753 salute
2189 2677 2498 2747 civitatis
2536 2677 2718 2746 ami·-

511 2803 619 2866 ce
646 2783 1062 2873 conspirat-3
1112 2805 1258 2852 esse
1309 2805 1480 2856 vero
1534 2786 1650 2852 in
1643 2797 2000 2876 potestate
2069 2782 2313 2874 summi
2379 2779 2721 2870 Principis

512 2883 659 2952 non
725 2885 911 2971 pati,
962 2888 1018 2950 si
1052 2902 1454 2959 attentetur
1519 2884 1932 2975 quidpiam,
1986 2886 2196 2978 quod
2226 2886 2348 2954 sit
2368 2904 2530 2953 cum
2576 2880 2725 2958 hua-

516 2982 631 3072 jus
670 2983 1087 3051 detrimento
1136 2984 1602 3071 conjunctum.
1652 2985 1836 3052 Nam
1899 3010 2093 3076 quae,
2131 2987 2414 3076 amabo,
2454 2986 2569 3056 vel
2605 2986 2724 3058 lex

526 3099 668 3171 est,
706 3082 823 3154 vel
872 3081 1045 3171 fingi
1102 3084 1464 3151 necessitas
1505 3097 1771 3173 potest,
1807 3100 1888 3151 ut
1928 3088 2136 3153 ritum
2175 3105 2424 3177 urgeat
2462 3089 2722 3161 Eccle-

528 3188 630 3255 sia
669 3205 824 3254 cum
866 3183 1147 3275 publica
1197 3185 1508 3254 utilitate
1572 3204 2047 3280 pugnantem,
2099 3187 2265 3255 dum
2316 3188 2505 3256 salva
2552 3189 2735 3263 fide-

531 3289 703 3358 lium
741 3289 1072 3366 beatitate
1112 3304 1234 3356 aut
1285 3287 1519 3358 abesse
1561 3290 1629 3356 is
1638 3289 1937 3376 <omnino
1976 3306 2240 3380 potest,
2280 3304 2403 3358 aut
2445 3290 2537 3360 ad
2576 3315 2727 3365 eam

533 3389 828 3461 formam
874 3388 1141 3459 inflecti
1180 3440 1206 3480 .,
1246 3412 1387 3482 qua
1433 3413 1522 3461 ex
1571 3413 1774 3482 aequo
1826 3394 2102 3483 utrique
2165 3410 2235 3462 et
2290 3392 2619 3465 Ecclesiae
2657 3416 2731 3470 et
2821 3385 2834 3389 ⁸

535 3493 967 3587 Reipublicae
1021 3495 1410 3566 consultum
1460 3493 1646 3568 est?
1675 3494 1989 3572 Caelestis
2044 3497 2344 3586 civitas,
2393 3499 2622 3589 inquit
2647 3502 2732 3574 S.

503 3599 1034 3689 Augustinus,
1095 3598 1246 3667 dum
1298 3587 1788 3692 peregrinatur
1853 3602 1924 3669 in
1983 3615 2170 3670 terra
2202 3649 2230 3690 ,
2290 3623 2379 3671 ex
2441 3605 2737 3676 omnibus

520 3702 851 3795 gentibus
889 3701 1074 3776 cives
1104 3718 1403 3800 evocat,
1439 3719 1666 3802 atque
1679 3705 1750 3772 in
1787 3703 2075 3773 amnibus
2125 3705 2380 3796 linguis
2406 3711 2731 3828 peregri-

518 3826 686 3874 nam
722 3806 1002 3900 colligit
1051 3808 1492 3904 societatemt,
1529 3830 1656 3879 non
1703 3831 1942 3882 curans
1971 3856 1998 3899 ,
2055 3809 2437 3900 quidquid
2410 3834 2480 3879 m
2518 3814 2727 3882 mori-.-

519 3906 709 3998 hus,
735 3907 1099 4001 legibus,
1072 3858 1543 4027 institutisque
1579 3885 1912 4008 diversum
1933 3930 2054 3984 est
2084 3964 2122 4008 ,
2143 3913 2379 4004 quibus
2406 3903 2568 4001 pax
2591 3930 2727 4010 ter·

518 4032 699 4100 rena
738 4011 861 4092 vel
876 3991 1306 4113 conglutitur
1344 4017 1489 4090 vel
1480 4031 1811 4094 tenetur·
1788 4068 1816 4116 ²
1851 4016 2028 4118 nihil
2054 4011 2295 4091 eorum
2323 4014 2731 4092 rescindens
