3275 4784
653 225 704 300 8
1115 297 1119 300 ,
1384 239 1817 297 S'ECTIO
1947 244 2003 295 1.

586 369 710 441 sed
754 367 985 437 divina
1022 380 1181 437 sunt
1217 367 1557 438 instituta.
1599 367 2218 452 Quod·discnmen
2258 369 2532 441 minime
2585 367 2778 442 arbi-

594 474 879 545 trarium
922 489 1070 565 est,
1108 487 1349 573 utsuo
1390 473 1547 542 loco
1597 474 2009 564 explicatius
2045 476 2435 544 ostendam.

1523 696 1585 781 ς.
1690 688 1835 766 VI.
1901 756 1908 763 .

1176 890 1567 972 Publicum
1613 910 1695 970 et
1760 892 2190 970 Privatum.

744 1086 858 1160 Ex
893 1085 1147 1179 objecto
1189 1087 1441 1158 deinde
1471 1089 1809 1179 publicum
1846 1105 1948 1157 est
1979 1138 2001 1180 ,
2040 1089 2151 1157 vel
2196 1086 2773 1185 privatuquoc

580 1196 655 1264 in
693 1194 1126 1285 singulorum
1167 1192 1474 1261 fidelium
1504 1192 1893 1262 actionibus
1926 1195 2016 1260 ad
2048 1194 2441 1260 interiorem
2485 1193 2775 1260 salutem

576 1298 963 1388 dirigendis
1005 1316 1343 1366 versatur.
1372 1296 1561 1367 Illud
1597 1318 1767 1367 vero
1808 1317 1943 1364 non
1973 1313 2108 1363 tam
2140 1297 2408 1386 singula
2442 1296 2767 1364 Ecclesiae

576 1401 878 1469 membra
906 1403 1211 1490 respicit,
1237 1421 1440 1490 quam
1469 1402 1678 1492 ipsam
1708 1401 1778 1468 in
1809 1402 2199 1468 universum
2226 1399 2779 1468 Christianorum

578 1504 1310 1611 societatequempe
1352 1506 1539 1594 leges
1590 1503 2109 1594 complectitur,
2148 1525 2303 1592 quae
2340 1504 2496 1593 jura
2535 1504 2778 1571 deter-

578 1611 841 1674 minant
877 1624 1083 1696 atque
1123 1603 1363 1674 officia
1406 1628 1538 1674 non
1580 1608 2050 1699 singulorum,
2106 1605 2224 1674 sed
2266 1606 2522 1673 divinae
2568 1605 2774 1696 huJus

576 1712 881 1778 civitatis
921 1711 1344 1798 communia,
1380 1731 1759 1802 eorumque
1825 1734 1982 1781 cum
2037 1712 2321 1801 primis,
2372 1711 2488 1800 qui
2543 1710 2769 1777 eidem

578 1834 734 1881 cum
781 1829 1113 1901 potestate
1156 1830 1450 1902 praesunt
1492 1814 1987 1905 Episcopatus,
2033 1816 2380 1904 ipsiusque
2432 1815 2609 1881 adeo
2660 1815 2771 1881 ci·-

579 1917 736 1988 vilis
768 1916 1148 2006 Majestatis
1172 1919 1293 1985 illa
1321 1939 1472 2007 quae
1500 1934 1838 2009 potestate
1867 1920 2049 1987 circa
2086 1939 2275 1987 sacra
2303 1913 2775 1986 continentur.

684 2020 942 2087 Senon.
985 2020 1043 2088 Ι.
1154 2020 1360 2088 Nihil
1398 2039 1631 2095 autem
1673 2043 1942 2091 necesse
1984 2037 2124 2109 est,
2169 2019 2363 2112 quod
2399 2041 2618 2110 nuper
2661 2022 2776 2087 vi·-

582 2122 718 2191 deo
750 2124 1082 2213 placuisse
1111 2122 1813 2215 Rauttenstrauchio,
1838 2127 2009 2193 duas
2039 2121 2267 2192 facere
2300 2124 2471 2213 juris
2510 2123 2774 2212 publici

582 2225 1049 2296 Ecclesiastici
1091 2244 1350 2317 partes,
1385 2229 1716 2298 internum
1765 2246 1972 2320 atque
2013 2242 2392 2296 externum:
2433 2246 2568 2315 qua
2609 2245 2776 2314 par-

579 2345 651 2400 te
688 2348 1047 2422 utramque
1089 2334 1198 2400 vir
1233 2333 1482 2400 doctus
1537 2335 1716 2400 inter
1764 2356 1834 2401 se
1877 2331 2367 2422 rempublicam
2408 2346 2668 2396 sacram
2702 2344 2781 2398 et-

582 2430 943 2524 profanam
982 2447 1372 2520 comparat,
1411 2447 1788 2520 mutuaque
1834 2436 2010 2498 inter
2051 2436 2198 2497 illas
2232 2435 2385 2520 jura
2424 2448 2492 2499 et
2531 2429 2775 2501 officia

588 2533 920 2625 expendit
962 2535 1343 2601 imitatione
1379 2524 1524 2630 (sic
1563 2535 1745 2600 enim
1786 2524 2129 2630 conjicio)
2169 2534 2486 2622 illorum,
2525 2537 2645 2624 qui
2686 2536 2778 2602 ci·

591 2638 887 2708 vitatuin
920 2638 1079 2729 jura
1118 2638 1506 2726 explicant,
1544 2636 1732 2727 apud
1790 2637 1980 2726 quod
2030 2637 2256 2703 civilis
2291 2638 2460 2727 juris
2515 2637 2776 2726 publici

583 2743 834 2812 interni
866 2757 936 2809 et
961 2742 1227 2808 externi
1270 2741 1744 2828 vulgatissima
1785 2742 2069 2831 partitio
2111 2758 2236 2808 est.
2267 2740 2537 2808 Vereor
2564 2743 2773 2832 enim,

581 2863 664 2913 ut
703 2843 847 2912 haec
884 2864 1086 2933 quam
1132 2846 1200 2910 in
1237 2866 1314 2910 ea
1353 2844 1716 2932 disciplina
1776 2845 2124 2911 verissime
2164 2843 2464 2933 tradita,
2502 2861 2638 2911 tam
2676 2843 2770 2912 ad

576 2949 685 3040 jus
715 2968 977 3015 sacrum
1007 2941 1363 3014 transferri
1398 2962 1576 3015 recte
1609 2949 1985 3035 potuerint.
2020 2948 2183 3032 Quo
2217 2951 2397 3016 enim
2431 2949 2778 3037 pactomi-

584 3051 660 3118 hi
688 3054 903 3118 sinam
935 3050 1365 3140 persuaderi,
1391 3057 1543 3140 quae
1571 3067 1670 3118 est
1697 3052 2003 3120 civitatis
2042 3050 2246 3120 unius
2273 3102 2293 3138 ,
2325 3052 2393 3117 id
2426 3067 2525 3119 est
2548 3101 2568 3137 ,
2595 3062 2776 3140 gen-³

582 3156 672 3224 tis
707 3154 809 3222 ad'
836 3172 1146 3245 gentem,
1185 3155 1491 3223 eamdem
1532 3177 1674 3223 esse
1724 3157 2054 3223 rationem
2087 3155 2412 3222 Ecclesiae
2454 3155 2539 3220 ad
2571 3153 2776 3222 Rem-

586 3258 956 3350 publicam,
984 3259 1051 3325 in
1077 3258 1270 3350 cujus
1302 3259 1415 3326 illa
1447 3261 1800 3327 territorio
1835 3258 2142 3327 exsistit?
2173 3259 2326 3338 Jam
2357 3256 2523 3346 quid
2554 3258 2606 3323 si
2637 3277 2773 3348 ego

575 3362 684 3453 jus
711 3363 918 3430 civile
949 3362 1298 3451 publicum
1323 3362 1675 3430 instituam
1705 3364 1799 3430 ita
1840 3363 2116 3452 partiri,
2143 3378 2221 3431 ut
2260 3361 2585 3429 internum
2624 3383 2770 3429 esse

585 3466 824 3553 velim,
851 3466 1035 3554 quod
1069 3483 1319 3531 statum
1348 3466 1654 3531 civitatis
1677 3467 1744 3531 in
1774 3488 1841 3532 se
1870 3482 2188 3554 spectatae
2215 3465 2525 3553 exponit,
2556 3480 2777 3530 exter·

585 3589 735 3637 num
762 3588 970 3654 vem,
1007 3567 1194 3656 quod
1226 3565 1534 3634 habitum
1564 3566 1995 3657 Reipublicae
2022 3569 2111 3635 ad
2144 3566 2518 3634 Ecclesiam
2549 3566 2775 3632 deter-

588 3674 842 3760 minat3
882 3670 1014 3738 hoc
1055 3692 1187 3760 ego
1225 3672 1504 3760 inquam
1541 3673 1594 3737 si
1649 3692 1859 3740 coner
1885 3721 1908 3760 ,
1955 3672 2398 3760 quisquamne
2450 3683 2551 3735 est
2576 3715 2599 3753 ,
2652 3668 2774 3756 qui

518 3788 543 3817 '
584 3774 882 3866 probet?
918 3791 1038 3842 aut
1075 3773 1244 3864 quid
1287 3796 1421 3842 non
1466 3776 1696 3862 potius
1735 3772 2182 3843 vehementer
2220 3768 2605 3861 improbet?
2641 3771 2772 3838 At-

587 3899 722 3967 que
759 3876 924 3944 mihi
981 3879 1257 3968 quidem
1299 3895 1520 3946 totum
1565 3875 1741 3963 hoc,
1780 3874 2124 3964 quidquid
2168 3891 2268 3941 est
2310 3871 2351 3942 ὲ,
2391 3873 2621 3940 multis
2675 3873 2768 3943 de

589 3980 975 4074 Republica
1013 3982 1279 4075 duplici
1318 3980 2055 4069 acutius-disputatum
2091 3999 2294 4071 quam
2321 3979 2592 4067 veriuS,
2632 3996 2771 4051 non
