3275 4784
647 239 789 341 196
1405 256 1786 313 snc'rto
1884 259 1996 310 11.

593 407 676 455 ra
713 384 856 474 ejus
899 382 1169 473 generis
1220 374 1405 449 facta
1457 379 1767 469 plerique
1811 379 2196 468 requirunt.
2243 377 2354 449 An
2396 399 2465 453 et
2504 390 2797 477 requisi-

597 505 712 558 tus
792 488 878 553 ad
947 486 1524 574 praescriptionem
1587 502 1924 553 annorum
2000 482 2465 573 quadraginta
2536 488 2804 583 lapsus,

600 611 804 681 quem
845 587 1209 655 Bohmerus
1261 586 1374 655 hic
1430 607 1709 678 quoque
1757 585 2042 657 videtur
2093 585 2507 680 deposcere,
2546 582 2804 684 adjun—

606 691 880 784 gendus
920 692 1053 777 sit,
1090 689 1395 780 ambigo·

623 847 630 854 .
713 794 971 863 ScHoL.
1080 791 1194 861 Ad
1240 792 1385 860 haec
1425 791 1835 875 iliustranda
1873 786 2192 861 conferre
2229 795 2477 884 utique
2504 799 2807 886 permul-

608 913 682 965 ta
733 911 1066 986 possunt,
1114 918 1268 985 quae
1317 895 1405 964 de
1445 894 1886 965 observantia
1936 896 2216 985 Imperii
2256 895 2798 969 Romano-Ger-

609 1001 855 1067 manici
901 1000 1223 1088 praeclare
1261 1000 1701 1067 commentati
1744 1014 1902 1068 sunt
1944 998 2131 1066 docti
2182 997 2326 1088 ejus
2369 1003 2593 1090 gentis
2633 1005 2796 1073 viri.

605 1099 823 1169 Conf.
864 1101 1182 1169 Selchov.
1226 1102 1294 1167 in
1340 1100 1664 1169 Element.
1696 1100 1839 1191 jur.
1869 1100 2059 1190 publ.
2098 1099 2319 1169 Germ.
2363 1104 2425 1187 §.
2473 1124 2595 1192 39.
2625 1123 2798 1197 pag.

617 1205 739 1291 38.
782 1227 917 1293 seq.
957 1221 1026 1271 et
1077 1201 1320 1293 Unger
1363 1208 1439 1272 in
1480 1206 1642 1270 diss.
1693 1207 1774 1271 de
1824 1204 2006 1271 modo
2044 1203 2374 1293 probandi
2402 1254 2424 1288 .,
2478 1223 2546 1273 et
2576 1206 2805 1295 judice

611 1308 792 1375 circa
855 1321 1150 1375 controv.
1191 1306 1447 1376 observ.
1500 1308 1735 1396 Imper.
1798 1305 1992 1374 Rom.
2043 1305 2266 1375 Germ.
2320 1325 2798 1380 concernentes.

607 1407 909 1480 Wirceb.
950 1432 1101 1481 ann.
1151 1430 1370 1501 1770.
1412 1407 1718 1478 Eckardi
1755 1411 1826 1478 in
1865 1410 2252 1479 Hermeneu.
2283 1409 2492 1500 juris.
2540 1411 2713 1481 Alii.

1282 1665 1822 1784 CAPUT
1930 1668 2153 1759 ΙΙΙ.

759 1875 937 1962 DE
1034 1876 2059 2009 AUCTORITATE‚
2147 1878 2317 1992 ΕΤ
2410 1874 2665 1962 usu

1437 2067 2012 2121 CONCILIORUM·

1493 2257 1558 2341 §.
1648 2249 1946 2326 CLVII.

1364 2444 1582 2541 ‚Quid
1625 2444 2080 2519 Concilium?

629 2544 725 2721 J
729 2665 837 2711 am
877 2642 965 2712 ad
993 2644 1300 2724 Concilio
1336 2647 1588 2734 venio,
1625 2665 1918 2735 quorum
1947 2659 2100 2735 post
2128 2664 2384 2713 sacram
2414 2648 2816 2736 scripturam

628 2749 1038 2835 divinasque
1069 2765 1136 2814 et
1167 2748 1599 2836 Apostolicas
1638 2748 2043 2813 traditiones
2071 2749 2320 2813 eximia
2360 2770 2624 2838 semper
2651 2772 2818 2817 auc-

628 2846 1074 2924 toritas'fuit.
1127 2850 1285 2937 Ipsa
1322 2850 1616 2935 etenim,
1664 2865 1741 2915 ut
1779 2846 2236 2915 Tertullianus
2277 2850 2500 2938 ajebat
2532 2901 2555 2939 ,
2592 2854 2805 2921 totius

629 2952 920 3018 nominis
958 2947 1339 3018 Christiani
1381 2952 1894 3040 repraesentatio
1925 2952 2255 3041 peculiari
2302 2953 2445 3020 visa
2474 2970 2573 3021 est
2601 2953 2815 3044 digna

427 3087 440 3094 i
471 3038 486 3090 ὲ
589 3041 602 3106 ’,
631 3055 1102 3123 veneratione.
1141 3052 1310 3122 Sunt
1347 3071 1577 3123 autem
1615 3057 1686 3120 in
1732 3052 2037 3122 Ecclesia
2068 3054 2203 3121 Dei
2232 3051 2589 3141 Concilia‚
2630 3056 2821 3143 quod

595 3111 908 3224 ‘comitia
950 3160 1020 3224 in
1061 3156 1263 3226 rebus
1302 3157 1596 3248 publicis
1629 3207 1652 3241 .,
1695 3156 2138 3225 Praelatorum
2193 3179 2431 3248 nempe
2463 3171 2818 3224 conventus

538 3275 548 3284 ‘
633 3283 706 3327 eo
735 3254 871 3342 fine
909 3261 1169 3349 coacti,
1207 3276 1280 3328 ut
1318 3261 1398 3328 de
1436 3260 1730 3351 negotiis
1770 3257 2091 3328 Ecclesiae
2129 3261 2407 3328 salutem
2438 3279 2821 3326 concernen-

634 3363 813 3428 tibus
850 3380 1196 3453 statuant,
1236 3381 1305 3431 et
1331 3359 1686 3448 felicitati
1713 3363 1950 3453 populi
1983 3360 2351 3431 christiani
2379 3358 2640 3451 junctis
2681 3382 2824 3429 con·

635 3465 816 3530 siliis
869 3465 1299 3552 provideant.

660 3621 670 3631 .
739 3564 994 3635 Senot„
1100 3566 1467 3636 Concilium
1508 3568 1758 3637 Latine
1812 3565 2072 3635 dicitur
2098 3614 2120 3653 ‚
2183 3564 2485 3651 synodos
2550 3562 2823 3655 Graece,

634 3683 1004 3756 utrumque
1042 3670 1456 3739 vocabulum
1497 3673 1695 3739 vario
1734 3690 1930 3737 sensu
1970 3668 2056 3735 ab
2084 3668 2381 3758 antiquis
2410 3686 2817 3757 usurpatum

625 3772 787 3840 satis
813 3787 1103 3840 constat.
1132 3773 1302 3843 Vid.
1331 3774 1670 3864 Bingham
1697 3772 1874 3862 orig.
1899 3770 2158 3839 Eccles.
2184 3770 2325 3838 voh
2356 3793 2421 3857 3.
2439 3789 2614 3862 pag.
2648 3795 2674 3838 1
2694 3793 2730 3838 2
2749 3794 2815 3857 3.

633 3891 703 3942 et
744 3874 1155 3944 Du-Fresne
1183 3877 1255 3943 in
1289 3875 1604 3950 Glossari
1626 3875 1912 3964 Agimus
1940 3894 2106 3942 vero
2134 3871 2267 3942 hoc
2313 3873 2468 3942 loco
2504 3874 2595 3942 de
2621 3870 2817 3943 Con-

629 3977 805 4047 ciliis
855 3993 1120 4051 tantum
1158 4000 1332 4050 mere
1382 3977 1942 4070 Ecclesiasticis3
1993 3996 2133 4047 non
2173 3978 2255 4047 iis
2293 3998 2612 4071 quoque,
2663 3999 2813 4068 quae
2882 4069 2889 4080 x
