3275 4784
685 253 853 329 ¹104
1467 247 1849 303 sacrm
1957 245 2012 302 t.

646 372 856 449 Certe
895 371 1269 468 Gregorius
1298 369 1749 443 decretalium
1801 371 2280 443 collectionem
2323 396 2409 445 ex
2448 396 2578 449 suo
2619 384 2841 454 nomi*

645 501 732 551 ne
761 482 1263 566 concinnatam,
1288 477 1377 544 ad
1407 478 1617 545 instar
1646 478 1820 568 legis
1848 477 2000 546 orbi
2027 475 2427 548 Christiano
2454 481 2833 557 obtrudere

640 603 1015 675 numquam
1047 584 1115 650 in
1143 581 1447 649 animum
1472 601 1676 651 suum
1701 581 2020 672 induxit,
2057 598 2420 652 contentus
2449 583 2835 658 Bononien-

641 688 832 758 sibus
872 685 1303 756 Academicis
1344 685 1489 774 ejus
1542 706 1742 752 usum
1806 686 2310 775 praescripsisse.
2354 685 2682 755 Eamdem
2726 692 2835 760 in-

638 787 909 882 gressos
947 792 1130 860 viam
1169 782 1591 870 Bonisacium
1616 805 1689 857 et
1713 786 2113 856 Clementem
2155 788 2440 859 historia
2472 792 2834 881 perspicue

639 897 982 975 memoriae
1023 891 1364 984 prodidit.
1403 890 1637 981 Atque
1689 908 1816 982 ut,
1867 894 2054 982 quod
2109 893 2370 980 senti0,
2422 910 2658 981 aperte
2708 896 2830 965 di-

635 1017 828 1085 cam,
866 1014 1187 1073 cauteac
1224 993 1603 1086 prudenter
1644 991 1907 1064 factum
1946 994 2285 1081 arbitror,
2325 1010 2402 1063 ut
2451 995 2821 1069 Pontifices

639 1099 1063 1168 abstinerent
1103 1100 1190 1169 ab
1232 1118 1359 1185 en,
1397 1099 1586 1188 quod
1626 1116 1902 1188 sperare
1955 1119 2090 1165 non
2127 1116 2451 1187 poterant
2493 1122 2560 1167 se
2600 1101 2826 1191 impe-

634 1220 977 1292 traturos,
1014 1218 1093 1271 ut
1135 1201 1373 1292 populi
1413 1221 1538 1291 pro
1589 1204 2008 1270 auctoritate
2071 1201 2361 1271 obtrudi
2424 1201 2554 1269 sibi
2610 1205 2823 1273 libros

632 1306 971 1391 sinerent,
1010 1308 1082 1373 in
1121 1304 1374 1395 quibus
1413 1320 1518 1372 tot
1557 1320 1781 1387 essent
1820 1326 2053 1391 novae,
2075 1303 2487 1394 juribusque
2527 1308 2668 1374 suis
2698 1308 2829 1374 ad-

632 1428 847 1484 versat
884 1409 1434 1477 constitutiones.
1475 1407 1734 1476 Lenior
1777 1407 1965 1476 haud
2004 1407 2213 1475 dubie
2253 1431 2331 1475 ac
2371 1408 2639 1498 planior
2678 1406 2819 1480 fuit

631 1532 773 1602 pert
800 1511 1206 1580 Academias
1242 1510 1693 1579 conciliandae
1734 1513 1972 1599 gratiae
2013 1513 2162 1578 via:
2207 1512 2462 1601 quippe
2504 1533 2657 1601 quae
2684 1562 2708 1601 ,
2744 1529 2825 1584 ut

626 1630 785 1682 tum
825 1632 1021 1683 erant
1074 1631 1425 1702 tempora,
1464 1610 1506 1681 a
1546 1613 1955 1682 Pontificum
1999 1632 2171 1682 nutu
2228 1611 2375 1681 fere
2431 1615 2822 1703 pendebant

632 1733 706 1787 et
745 1719 1053 1789 suaviter
1094 1717 1442 1785 insinuare
1490 1719 1560 1784 in
1615 1719 1875 1784 animos
1930 1715 2444 1784 adolescentum
2513 1735 2830 1806 poterant

630 1819 1014 1887 doctrinam
1036 1869 1059 1908 ,
1098 1840 1302 1909 quam
1344 1818 1626 1889 reduces
1658 1823 1729 1888 in
1756 1842 1945 1890 suam
1974 1821 2264 1912 quisque
2295 1822 2588 1912 patriam
2617 1844 2852 1915 quam,

630 1923 969 1993 latissime
1030 1940 1522 2017 propagarent.

1488 2128 1548 2213 §-
1643 2121 1995 2195 LXXXII.
2228 2132 2231 2136 “
2511 2092 2548 2145 ·’

1221 2338 1358 2414 Ex
1408 2363 1543 2416 usu
1599 2354 1679 2417 et
1724 2337 2243 2417 observantia.

795 2543 1126 2614 Probavit
1166 2563 1455 2614 eventus
1493 2540 2218 2612 consiliumcodices
2257 2547 2433 2612 enim
2473 2541 2546 2612 hi
2588 2543 2833 2616 decre·

624 2647 866 2718 talium
907 2665 1251 2738 tamquam
1295 2670 1446 2739 pars
1478 2650 1649 2739 juris
1684 2648 1996 2714 canonici
2037 2669 2169 2714 non
2215 2665 2548 2736 postrema
2590 2648 2811 2716 doce-

624 2751 871 2821 bantur
902 2753 975 2819 in
1018 2749 1454 2818 Academiis:
1497 2747 1586 2817 ad
1625 2770 1742 2817 eos
1796 2753 1866 2815 in
1909 2746 2118 2837 som,
2165 2752 2237 2817 in
2276 2751 2583 2818 conciliis
2634 2773 2807 2840 pro-

621 2854 1027 2923 vocabatur.
1066 2852 1268 2921 Unde
1310 2855 1585 2942 planum
1629 2849 1807 2939 fuit,
1844 2868 1923 2920 ut
1956 2854 2020 2919 in
2050 2852 2365 2921 omnibus
2407 2875 2618 2944 prope
2662 2853 2816 2924 Eu-

622 2977 806 3044 ropae
846 2956 1105 3045 Regnis
1146 2977 1224 3023 ac
1266 2956 1649 3026 Provinciis
1692 2975 1816 3044 pro
1848 2955 2020 3046 juris
2058 2959 2236 3041 novi‘
2276 2959 2469 3047 quasi
2510 2957 2810 3047 quodam

626 3059 1050 3148 depositario
1103 3075 1611 3150 reputarentur.
1682 3058 1925 3148 Itaque
1991 3057 2450 3127 dubitandum
2519 3082 2650 3128 non
2716 3077 2816 3129 est

619 3165 798 3254 quin
841 3162 913 3231 hi
966 3162 1126 3230 libri
1176 3164 1358 3233 inter
1410 3160 1641 3230 fontes
1686 3159 1860 3251 juris
1908 3164 2070 3231 novi
2127 3162 2592 3231 Ecclesiastici
2642 3183 2820 3230 con-

625 3266 973 3342 numerari
1013 3265 1351 3353 debeant,
1387 3287 1654 3354 eamque
1689 3262 1903 3332 adhuc
1928 3267 2063 3339 vim
2091 3263 2382 3334 habeant
2402 3316 2422 3355 ,
2453 3287 2640 3355 quam
2670 3287 2823 3334 usus

627 3368 776 3449 illis
805 3419 828 3458 ,
867 3392 947 3440 ac.
985 3368 1366 3461 Regnorum
1404 3386 1598 3443 vetus
1641 3368 2067 3441 observantia
2106 3370 2465 3438 conciliare
2495 3369 2754 3457 potuit.

628 3513 635 3525 ι
727 3469 912 3540 Con.
945 3489 949 3493 ·
978 3472 1045 3549 Ι,Δ
1147 3472 1410 3555 Verum
1453 3492 1610 3540 usus
1655 3470 1766 3539 hic
1804 3521 1838 3557 ,
1884 3495 2001 3540 seu
2045 3473 2259 3562 magis
2313 3476 2617 3565 receptio
2678 3488 2818 3537 non

622 3587 764 3641 tam
819 3574 954 3641 late
994 3574 1524 3664 ‚interpretanda
1560 3590 1719 3660 est,
1771 3591 1849 3649 ut
1899 3574 2074 3647 nihil
2140 3574 2815 3662 penitusexceptum

617 3693 966 3768 putemus·
1009 3676 1089 3743 In
1130 3679 1361 3765 primis
1403 3678 1584 3745 enim
1615 3677 1992 3744 decretalia
2031 3674 2445 3744 Pontificum
2478 3674 2818 3762 instituta,

616 3800 779 3870 ,quae
827 3777 915 3847 de
958 3778 1247 3868 publicis
1284 3780 1688 3869 Regnorum
1731 3780 2031 3868 negotiis
2088 3776 2464 3864 disponunt
2491 3826 2513 3864 ,
2552 3780 2819 3853 emolu·-

624 3900 856 3953 menta
883 3899 1144 3951 tantum
1174 3886 1567 3974 pecuniaria
1593 3897 2078 3967 concernunt,
2113 3879 2549 3955 libertatibus
2589 3879 2822 3957 Eccle-

621 3990 882 4068 siarum
911 3986 1408 4081 adversantur,
1445 3987 1765 4057 subditos
1803 3987 1876 4053 in
1906 3984 2261 4087 angustias
2290 3984 2433 4053 sine
2462 3985 2822 4063 necessita-
