3275 4784
1280 263 1649 320 CAPUT
1752 265 1873 318 11.
2230 250 2237 254 ’
2509 267 2645 346 191

480 395 635 493 jura
689 375 923 461 omnes
953 438 976 481 ,
1013 384 1204 481 quod
1245 390 1451 458 sciam
1484 439 1506 477 ‚
1544 390 1751 458 etiam
1788 388 1897 480 jus
1936 392 2268 478 supremae
2303 384 2681 480 inspectio·

486 501 591 568 nis
636 511 1159 566 connumerant.
1208 493 1363 564 Nec
1401 494 1750 566 immerito
1783 482 1923 593 (1).
1972 490 2156 563 Nam
2210 514 2423 584 quum
2484 516 2684 565 sum-

486 622 665 670 mam
701 599 878 670 hanc
930 615 1349 692 potestatem·
1390 597 1560 672 ideo
1593 596 1908 689 Regibus
1954 592 1998 666 ὲ
2038 595 2203 667 Deo
2251 599 2678 669 commissam

491 703 705 774 fuisse
747 706 908 772 satis
975 719 1240 774 constet
1282 750 1311 792 2
1345 719 1429 770 ut
1483 701 1898 795 populorum
1948 721 2232 770 suorum
2282 697 2694 773 felicitatem

488 824 762 898 curent3
792 803 1016 875 officii
1047 826 1215 880 vero
1247 805 1449 878 istius
1468 805 1794 896 explendi
1825 802 2121 877 facultas
2150 805 2341 875 nulla
2369 827 2513 896 esse
2542 829 2692 899 pos-

490 915 580 981 sit
605 961 629 1001 ,
669 925 792 979 aut
833 912 1253 1002 perexigua,
1289 911 1460 997 nisi,
1500 932 1658 1000 quae
1682 926 2022 1001 geruntur
2052 910 2121 978 in
2158 911 2538 1000 territorio,
2569 931 2700 983 no·

446 1081 450 1085 .
497 1032 568 1096 ta
608 1014 711 1083 illi
752 1015 1248 1107 explorataque
1284 1026 1616 1094 ,teneantt
1674 1036 1834 1082 sane
1903 1013 2189 1102 quidem·
2222 1013 2511 1084 evidens
2565 1031 2696 1106 est,

489 1118 601 1210 jus
641 1105 1038 1191 simut‘cum
1076 1116 1326 1190 officio»
1357 1117 1601 1188 datum
1636 1115 1948 1209 Regibus
2004 1116 2286 1206 exigere
2314 1166 2337 1205 ‚
2385 1140 2471 1188 ne
2523 1116 2698 1209 quid

497 1222 677 1292 clam
715 1224 886 1313 ipsis.
921 1224 991 1294 in
1020 1225 1305 1294 civitate
1349 1220 1506 1309 fiat,
1545 1243 1633 1292 ex
1675 1243 1826 1311 quo
1856 1219 2146 1311 aliquod
2184 1221 2259 1288 in
2298 1219 2704 1311 Rempubli·

495 1347 647 1394 cam
677 1324 1173 1395 detrimentum·
1199 1327 1423 1417 possit-
1438 1346 1867 1416 promanare..
1884 1325 1955 1394 N
1961 1344 2118 1395 osse
2136 1345 2308 1396 vero
2335 1325 2506 1414 quid
2535 1345 2708 1416 aga--

498 1444 614 1497 tur
642 1478 666 1518 ‚
705 1449 958 1498 noxam.
983 1429 1341 1520 publicam.
1384 1429 1602 1498 oculis
1652 1445 1887 1498 tenere
1905 1479 1940 1518 ‚h
1981 1450 2106 1499 nec
2150 1426 2404 1497 habero
2463 1445 2703 1518 potes·-

501 1546 721 1622 tatem
782 1531 1269 1624 impedi'endi3
1322 1531 1456 1603 hoc
1510 1554 1692 1604 vero.
1729 1550 1878 1604 tam.
1923 1552 2161 1602 secum
2205 1551 2521 1622 pugnans
2579 1547 2726 1621 est,

502 1658 710 1727 quam
780 1633 972 1727 quod
1012 1639 1330 1706 maxime.
1384 1634 1787 1728 Utrumque
1833 1639 2052 1730 igitur
2097 1637 2206 1728 jus
2264 1637 2571 1725 imperio·
2593 1638 2705 1703 ci-

387 1781 394 1785 -
509 1741 634 1817 vili
693 1742 893 1810 inest.
937 1739 1043 1810 Et·
1069 1744 1404 1831 quoniam
1436 1738 1808 1831 Christus,
1851 1743 1978 1810 etsi
2034 1739 2320 1830 Regum
2357 1739 2508 1831 jura
2575 1760 2728 1811 noir.

505 1846 843 1933 auxerit,
900 1866 1023 1917 nec
1077 1844 1482 1914 diminuerit
1541 1860 1811 1934 tamen,
1879 1836 1999 1942 (Β.
2068 1835 2451 1940 XXXVI.)
2518 1860 2718 1913 extra

504 1967 779 2016 omnem
818 1946 1021 2013 nobis
1057 1948 1607 2017 controversiam
1641 1950 1954 2036 positum„
1983 1966 2138 2014 esse—
2166 1946 2425 2035 debet‘,.
2455 1962 2724 2018 utram-

503 2071 641 2140 que
706 2046 886 2118 hanc
927 2064 1337 2140 potestatem
1366 2098 1401 2136 ‚.
1441 2065 1721 2139 recepta
1784 2051 1867 2118 in.
1898 2049 2328 2133 territorium
2397 2046 2724 2118 Ecclesia

510 2150 884 2224 christiana
918 2202 952 2242 2
985 2150 1481 2243 imperantibus
1521 2143 1864 2244 integram
1917 2154 2175 2223 servari
2220 2150 2737 2243 illibatamque,.

518 2273 661 2328 tam
699 2256 1166 2348 cognoscendi
1194 2257 1666 2350 scilicet-quae·
1690 2272 1996 2346 aguntur
2035 2255 2122 2323 ab
2162 2257 2322 2343 illa,
2353 2276 2557 2345 quam
2602 2278 2726 2354 ve-

517 2360 717 2430 tandi
757 2380 891 2452 pro·
923 2360 1384 2449 auctoritate,
1424 2381 1507 2432 ne
1538 2362 1826 2431 omnino*
1848 2359 1972 2429 fiat
2000 2359 2410 2452 quidquam,
2440 2357 2630 2452 quod
2658 2359 2734 2428 in

518 2460 952 2556 Reipublicae
1004 2462 1505 2534 detrimentum
1554 2466 1770 2555 possit
1807 2462 2230 2535 redundare-i
2268 2452 2390 2562 (ς.
2432 2452 2730 2559 CXVI.)

519 2604 543 2646 ς
628 2565 898 2639 Senot...
996 2566 1097 2635 Os
1136 2562 1482 2640 hominis!
1545 2566 1695 2637 tun'
1754 2591 1932 2639 vero
1976 2568 2191 2637 audes
2256 2566 2534 2638 Christi
2586 2564 2736 2637 Ec·-

520 2667 810 2744 clesiam
846 2672 918 2742 in
946 2668 1124 2743 hanc
1150 2672 1501 2741 adducere
1533 2673 2027 2762 suspicionem,
2068 2672 2262 2761 quasi
2306 2671 2425 2738 illa
2466 2672 2553 2737 sit
2594 2689 2754 2740 um·-

516 2794 732 2865 quam
760 2771 1419 2869 facturaquidpi'am
1438 2825 1461 2865 ‚
1497 2776 1700 2868 quod
1723 2796 1982 2858 nocere
1998 2773 2212 2868 possit
2239 2774 2513 2842 civitati
2541 2770 2743 2842 3111}-

520 2897 646 2946 mo.
682 2899 852 2947 vero
905 2878 981 2946 id
1035 2899 1172 2969 ego
1214 2877 1540 2948 futurum
1598 2900 1980 2970 numquam
2026 2879 2240 2969 plane·
2283 2892 2512 2947 certus
2562 2895 2754 2946 sume·

528 2977 654 3044 sed
692 2967 942 3073 (quod
984 2978 1055 3042 in
1093 2997 1297 3044 aures
1334 2980 1466 3043 tibi
1505 2980 1779 3045 dietum·
1803 2972 2008 3072 estov)
2036 2984 2154 3071 qui
2184 2979 2588 3052 Christiano
2615 3000 2744 3071 po·

495 3076 707 3167 4)qu
749 3091 1053 3171 praesunt
1090 3125 1115 3163 ‚
1184 3077 1494 3169 singulos
1561 3099 1707 3145 esse
1774 3076 2086 3148 homines
2140 3084 2299 3171 aj0‚
2351 3085 2759 3169 quiet-rare·

524 3195 867 3272 possunt,
910 3181 1033 3270 qui
1070 3176 1437 3258 affectibus
1479 3177 1685 3272 duci,
1727 3183 1859 3270 qui'
1902 3184 2164 3250 servire
2216 3182 2615 3272 cupiditati.
2655 3187 2751 3260 In·

526 3282 637 3364 bis
677 3282 1044 3378 hominum:
1089 3284 1280 3354 vitiis
1340 3269 1808 3374 praecavendis
1864 3286 2218 3372 oculatum
2276 3302 2411 3375 ego
2465 3285 2741 3356 Princi-

526 3405 695 3478 pem.
728 3386 948 3477 volo,
1006 3407 1151 3455 non
1186 3387 1259 3454 in
1282 3390 1618 3478 'periculo-
1666 3387 1756 3456 ab
1794 3387 2114 3457 Ecclesia
2153 3386 2426 3458 Christi
2472 3390 2756 3479 impert--

528 3489 785 3580 dente,
819 3490 1015 3582 quod
1047 3489 1313 3570 nullum
1353 3491 1686 3572 est.·Nec=
1717 3491 1926 3563 valde
1971 3513 2294 3582 moveor,
2327 3493 2380 3561 si
2404 3492 2516 3585 Jus
2552 3492 2748 3568 istud'

533 3591 968 3686 Principibus
1007 3592 1423 3665 Christianis
1450 3646 1473 3685 ‚
1511 3619 1592 3665 ac
1627 3612 1857 3665 cetera
1897 3594 2066 3666 huic
2100 3597 2464 3687 conjuncta
2504 3615 2748 3689 erepta·

535 3699 765 3786 velis,
814 3696 1221 3791 hoc-„magis
1268 3699 1462 3790 quod
1498 3699 2050 3770 P‘uffendorfium
2117 3702 2191 3770 in
2251 3700 2428 3770 libro
2476 3700 2743 3772 despici-

534 3798 699 3898 biteq
725 3803 1094 3900 religionis.-
1123 3803 1457 3899 doctrinae
1485 3805 1698 3898 istius‘
1725 3817 2086 3875 auctorem·
2108 3806 2448 3876 exstitisse
2477 3803 2758 3900 ferunt.

532 3900 853 4006 'Primum
889 3906 1075 3975 enim
1114 3908 1191 3976 inf
1238 3908 1374 3978 hoc
1412 3932 1581 3984 sane
1612 3895 1922 4004 turpiter·
1955 3901 2758 4002 errant·..Jus·supremae-

574 4109 579 4116 ν
612 4020 757 4129 (1)
834 4022 1523 4110 δοὲεὶάεηαητεὶρασ.,
1551 4055 1606 4097 1.
1649 4046 1776 4111 cap.
1803 4034 1864 4108 6.
1895 4059 1924 4094 ·.
1965 4059 1998 4093 ,ν
2043 4043 2049 4048 “
2173 4011 2182 4016 ’

662 4173 742 4206 fl
