3275 4784
621 252 723 354 76
1290 238 1802 349 '‘sncrxo
1883 274 1940 326 n

570 396 949 471 excultum.
1004 393 1332 488 Antiquae
1379 394 1759 489 disciplinae
1822 397 2148 465 memoria
2207 395 2498 471 videtur
2548 398 2765 477 fuisse

565 504 930 594 pertenui,
958 524 1195 593 graecae
1218 502 1475 590 linguae
1506 502 1754 591 peritia
1792 523 2069 590 prorsus
2099 502 2325 589 nulla,
2366 506 2549 573 nulla
2579 532 2772 581 seve-

573 607 774 674 rioris
815 607 1148 675 doctrinae
1198 607 1502 693 notitia3
1544 604 1727 673 unde
1773 609 2231 673 recentiorum
2292 605 2771 684 Collectorum

568 711 975 778 auctoritati
1031 731 1158 800 pro
1207 709 1435 775 saeculi
1491 709 1595 774 sui
1655 709 1829 776 vitio
1884 708 2060 777 adeo
2111 708 2509 779 adhaerebat
2565 731 2769 785 tena-

574 814 800 903 citer,
838 829 916 881 ut
958 811 1303 904 quidquid
1357 814 1425 878 in
1469 813 1601 878 illis
1643 813 1975 901 reperiret
2009 862 2031 899 ,
2093 814 2238 881 sine
2290 815 2437 884 ullo
2490 816 2770 889 delectu

572 912 645 985 et
685 916 1012 1007 probaret
1051 918 1236 1007 ipse,
1275 933 1344 983 et
1375 916 1524 983 aliis
1564 917 1980 983 imitandum
2021 934 2462 1006 proponeret,
2494 919 2606 987 Ex
2635 946 2773 1013 qua

572 1020 857 1111 quidem
899 1043 972 1089 re
1016 1021 1371 1111 perspicue
1423 1035 1760 1108 apparet,
1817 1021 2044 1087 virum
2100 1017 2313 1088 fuisse
2368 1020 2771 1095 Gratianum

572 1123 646 1193 in
688 1140 997 1195 veterum
1040 1124 1338 1192 lectione
1380 1143 1630 1213 parum
1668 1140 2055 1210 versatum,
2096 1138 2172 1189 ut
2203 1125 2448 1192 mirum
2477 1149 2615 1195 non
2651 1132 2769 1218 sit,

572 1226 742 1296 dum
794 1229 1123 1320 neglectis
1184 1242 1305 1296 aut
1372 1228 1602 1316 potius
1670 1228 2007 1316 ignoratis
2071 1223 2382 1295 fontibus
2435 1225 2474 1295 ὲ
2526 1233 2770 1303 rivulis

572 1347 914 1422 perpetuo
970 1333 1316 1418 hauriret,
1357 1329 1779 1420 quandoque
1816 1330 2235 1399 lutulentum
2278 1331 2611 1403 defluere.

682 1434 940 1504 ScHoL.
1048 1433 1392 1503 Permulta
1433 1456 1520 1502 ex
1555 1433 1980 1502 Kalendario
2007 1433 2601 1523 Archi-gymnasii
2634 1438 2769 1508 Bo-

572 1541 918 1606 noniensis
959 1540 1045 1605 ad
1075 1537 1516 1607 illustrandas
1548 1558 1653 1604 res
1684 1536 2003 1605 Gratiani
2036 1540 2452 1626 pertinentia
2478 1540 2776 1633 descrip«

577 1642 666 1709 sit
710 1642 1107 1709 Alexander
1145 1638 1656 1709 Machiavellus
1697 1641 1769 1707 in
1798 1641 1976 1707 notis
2004 1641 2092 1707 ad
2124 1639 2389 1730 Sigonii
2418 1642 2773 1715 historiam

576 1743 1077 1812 Bononiensem
1131 1746 1220 1810 ad
1257 1765 1403 1811 ann.
1460 1767 1483 1809 1
1511 1765 1679 1828 151.
1721 1741 1834 1811 Ex
1878 1766 1959 1811 eo
2002 1742 2380 1812 Bohmerus
2410 1748 2481 1815 in
2517 1748 2770 1817 lauda-

573 1863 646 1914 ta
687 1847 1204 1934 dissertatione,
1244 1865 1314 1914 et
1355 1849 1681 1936 deinceps
1721 1849 1933 1914 ceteri
1974 1868 2228 1914 omnes.
2259 1847 2519 1918 Eorum
2560 1851 2768 1921 fidem

574 1968 782 2039 negat
823 1971 1017 2039 posse
1055 1954 1124 2018 in
1184 1951 1478 2020 dubium
1532 1952 1844 2019 revocari
1900 1950 2333 2020 doctissimus
2382 1952 2769 2046 Sylburgus

583 2055 772 2144 apud
828 2055 1278 2123 Heineccium
1322 2053 1443 2121 lib.
1490 2075 1558 2121 2.
1601 2055 1660 2139 ξ.
1707 2048 1777 2120 6.
1819 2045 2000 2151 (not.
2032 2045 2190 2150 p.)
2233 2052 2500 2123 Eadem
2542 2072 2770 2127 tamen

574 2159 781 2226 valde
811 2178 1129 2247 suspecta
1151 2157 1501 2247 judicavit
1530 2158 1638 2225 vir
1666 2158 1953 2248 insignis
1982 2157 2196 2226 Laur.
2226 2157 2572 2229 Mosheim
2598 2161 2764 2232 Inst.

575 2261 846 2335 Histor.
887 2262 1157 2335 Eccles.
1197 2264 1372 2333 Saec.
1413 2261 1566 2331 ΧΠ.
1595 2281 1773 2355 pag.
1823 2282 1994 2355 395.
2034 2252 2220 2359 (aot.
2247 2252 2351 2359 e).

1471 2443 1551 2565 '§.
1686 2481 1873 2548 LIX.

1088 2677 1409 2754 Occasio
1460 2694 1539 2754 et
1609 2696 1877 2775 scopus
1943 2676 2262 2755 decreti.

732 2881 815 2950 In
881 2902 960 2948 ea
1001 2879 1410 2948 Monasterii
1467 2878 1845 2951 solitudine
1900 2878 2378 2949 elucubratum
2422 2898 2523 2951 est
2566 2905 2763 2977 opuS,

582 2984 772 3073 quod
815 3005 994 3050 nunc
1037 2981 1221 3051 forte
1288 3004 1407 3073 per
1458 2985 1745 3053 abusum
1804 2984 2162 3053 Decretum
2216 2984 2540 3056 Gratiani
2594 2991 2771 3057 dici-

580 3107 752 3153 mus.
796 3087 1064 3177 Nempe
1113 3088 1339 3155 civilis
1373 3090 1546 3180 juris
1599 3088 1830 3156 studia
1872 3086 2182 3177 fervere,
2224 3094 2485 3181 negligi
2528 3110 2768 3161 contra.

574 3211 655 3257 ac
708 3213 919 3281 prope
984 3193 1329 3259 contemni
1393 3196 1800 3260 canonicum
1853 3192 2181 3260 Bononiae
2229 3215 2442 3284 quum
2495 3197 2771 3264 videret

579 3292 994 3385 Gratianus,
1037 3317 1116 3363 ea
1168 3297 1458 3364 maxime
1514 3298 1602 3364 de
1637 3318 1885 3383 causa,
1926 3296 2117 3384 quod
2153 3298 2408 3387 justum
2450 3296 2771 3387 discipli-

578 3418 683 3464 nae
722 3395 961 3490 hujus,
1002 3415 1070 3465 et
1110 3399 1517 3466 academicis
1564 3416 1807 3488 'aptum
1875 3400 2110 3465 usibus
2158 3418 2447 3481 systema
2503 3401 2766 3468 nullum

579 3516 805 3585 esset,
857 3524 980 3568 seu
1021 3519 1257 3589 sponte
1299 3523 1420 3568 sua
1451 3550 1473 3585 ,
1511 3523 1630 3567 seu
1671 3501 1858 3589 quod
1900 3522 1986 3566 ex
2027 3503 2424 3589 Manriqaio
2480 3502 2765 3592 conjicit

576 3598 982 3688 Bahmerus,
1017 3603 1349 3669 Bernardi
1391 3602 1683 3670 Abbatis
1722 3600 2249 3670 Clarevallensis
2303 3603 2580 3670 hortatu
2612 3654 2638 3690 ,
2678 3626 2765 3673 ne

578 3703 913 3774 doctrinae
963 3727 1165 3771 sacrae
1229 3705 1703 3795 progressibus
1753 3707 2097 3773 commodi
2164 3704 2381 3771 libelli
2444 3703 2763 3777 defectus

582 3807 890 3897 obesset,
929 3809 1114 3875 illius
1163 3808 1578 3876 conficiendi
1618 3811 1688 3876 in
1729 3832 1799 3877 se
1836 3828 2068 3875 curam
2112 3809 2422 3897 recepit..
2456 3808 2620 3893 Quo
2685 3826 2765 3880 ut

579 3912 896 4002 majorem
951 3909 994 3980 a
1046 3911 1351 3980 studiosa
1399 3932 1736 3979 canonum
1768 3911 2138 4002 juventute
2191 3914 2484 4001 gratiam
2526 3915 2762 4004 iniret,

573 4037 722 4086 eam
762 4038 967 4109 quam
1018 4015 1132 4090 Ivo
1168 4014 1606 4087 Carnotensis
1642 4015 1714 4084 in
1753 4010 2164 4108 praefatione
2204 4017 2466 4088 decreti
2506 4019 2614 4089 sui
2656 4020 2766 4086 in-

638 4180 683 4195 l
