3275 4784
584 251 758 326 204=
1345 248 1727 304 szc‘rxo
1813 250 1969 302 11.·

541 377 640 447 nii
680 397 867 443 error
904 374 1345 445 convincitur.
1388 373 1812 464 Ephesinum
1852 373 2057 440 etiam
2101 362 2431 462 primum3
2487 374 2583 443 in*
2620 400 2744 468 quo

543 480 863 549 Nestorii
908 479 1216 568 impietas
1248 477 1620 567 judicatur.
1667 474 2233 544 chalcedonense
2274 499 2475 565 vera,
2514 480 2584 546 in
2621 499 2757 570 quo

550 582 892 673 Eutychis
936 583 1371 668 Dioscorique
1390 582 1714 670 pravitas
1752 580 2176 672 reprobatur.
2216 579 2605 714 Gregorius
2632 585 2745 655 M.

554 688 735 778 apud
772 685 1092 753 Gratian.
1133 685 1296 752 dist.
1348 706 1461 769 ις.
1504 705 1652 751 can.
1701 704 1769 751 2.
2330 739 2335 742 Α
2382 733 2387 740 ·
2438 711 2449 743 ι

630 787 796 864 ..V
859 788 1670 877 Constantinopolitanum
1753 783 1834 855 ΙΙ.
1909 787 2461 858 OEcumenicum
2511 807 2767 864 autem·

555 894 915 983 quintum,
957 909 1108 982 post
1150 894 1548 958 diuturnam
1589 891 1679 958 de
1720 890 1939 959 tribus
1975 893 2298 982 capitulis
2347 899 2767 971 contentio·

558 1017 711 1063 nem
755 997 1006 1064 indixit
1050 991 1514 1089 Justim'anus
1539 994 1701 1084 Imp.
1733 984 1873 1090 (1).
1899 1016 2058 1062 ann.
2101 993 2591 1082 553.Praefuit
2619 999 2773 1068 Eu·

526 1097 812 1167 wichim
853 1096 1657 1187 Constantinopolitanus
1697 1096 2094 1167 Patriarcha
2133 1087 2273 1194 (2).
2315 1098 2630 1189 Vigilius
2656 1100 2748 1174 Ρ.

556 1203 684 1269 etsi
721 1200 1220 1291 perhonorifice
1248 1200 1767 1291 interpellatuS‚
1797 1217 1873 1268 ut
1903 1201 2297 1290 praesideret
2324 1205 2577 1290 coetui,
2614 1206 2756 1274 iro-⁶

562 1306 902 1394 peninon
959 1307 1212 1395 potuit.
1269 1303 1447 1371 Acta
1495 1320 1724 1372 tamen
1776 1301 2083 1373 Concilii
2136 1303 2484 1393 probavit.
2537 1303 2754 1379 Conf.

566 1407 659 1475 de
711 1408 948 1476 Marca
1000 1408 1070 1475 in
1115 1408 1277 1475 diss.
1330 1408 1410 1476 de
1461 1408 1724 1476 decreto
1775 1406 2039 1500 Vigilii
2079 1424 2211 1497 pro
2255 1399 2773 1492 confirmatione-

571 1508 826 1604 Synodi
867 1511 1142 1600 quintae.
2513 1549 2517 1554 ·
2692 1545 2697 1549 ·

679 1613 809 1682 Vl.
919 1614 1722 1705 Constantinopolitanum
1761 1613 1885 1682 ΙΙΙ.
1938 1635 2099 1682 ann.
2156 1609 2332 1682 680.
2386 1631 2640 1687 vocato
2688 1620 2762 1688 in

461 1737 472 1750 ’
568 1717 936 1785 consilium
986 1716 1361 1807 Agathone
1415 1715 1731 1786 Romano
1784 1718 2113 1786 Antistite
2162 1719 2396 1808 co‘e'git
2433 1719 2774 1791 Constan-

573 1819 758 1886 tinus
794 1817 1184 1911 Pogonatus
1214 1808 1355 1915 (3).
1384 1815 1715 1887 Interfuit
1746 1818 2135 1909 Imperator
2159 1839 2315 1890 cum
2343 1823 2614 1892 selectis
2641 1826 2687 1905 J
2693 1846 2777 1896 u·

572 1921 848 1992 dicibus
876 1959 904 2009 ,—
938 1943 1024 1990 ex
1074 1943 1219 2011 quo
1270 1923 1545 2013 occasio
1597 1938 1758 1991 nata
1811 1940 1916 1992 est
1958 1922 2255 1991 Alberto
2307 1921 2569 2016 Pighio
2619 1946 2773 2000 acta

577 2023 846 2111 Synodi
913 2027 1419 2116 superstitionis
1472 2026 1856 2117 arguendi,
1912 2027 2345 2115 negandique
2394 2027 2779 2118 legitimam

572 2145 784 2219 atque
827 2128 1382 2198 Eccleffrasticam
1421 2128 1774 2213 synodum
1807 2125 2054 2199 fuisse:
2091 2146 2295 2219 quam
2324 2131 2457 2198 viri
2489 2136 2776 2200 temeri-

580 2247 796 2302 tatem
824 2234 1197 2324 castigavit
1229 2230 1418 2301 haud
1449 2235 1791 2302 immerito
1830 2232 2144 2301 eruditus
2170 2225 2589 2316 Combefisius
2628 2227 2781 2332 (4).

685 2338 778 2404 A.
883 2337 1206 2421 Synodus
1253 2336 1625 2421 Trullana‚
1652 2358 1815 2425 quae
1854 2340 2060 2406 etiam
2100 2337 2520 2425 quinisexta,
2560 2341 2775 2407 inter-

581 2440 748 2506 dum
792 2456 987 2505 sexta
1031 2439 1342 2505 absolute
1380 2438 1685 2527 dicitur,
1726 2436 1963 2505 habita
2001 2455 2102 2505 est
2148 2464 2294 2506 ann.
2352 2435 2526 2530 692.
2575 2432 2776 2511 'Ade-

581 2557 734 2610 rant
776 2540 1000 2608 Graeci
1044 2558 1298 2628 magno
1353 2559 1674 2607 numero:
1736 2539 2145 2607 Latinorum
2191 2563 2397 2609 >nemo
2453 2542 2783 2615 interfuit-

579 2662 828 2735 praeter
869 2642 1193 2710 Basiliam
1226 2643 1589 2730 quemdam
1629 2638 1961 2728 Cortynae
2001 2644 2071 2711 in
2102 2640 2329 2711 Craeta
2358 2643 2780 2737 Episcopum

580 2737 867 2844 (Marca
920 2746 1041 2813 lib.
1105 2768 1171 2831 5.
1212 2765 1357 2835 cap.
1418 2747 1530 2830 18.
1591 2750 1654 2831 §.
1716 2767 1782 2831 3.
1837 2763 1906 2812 et
1950 2738 2094 2839 4.).
2135 2743 2436 2812 Conditi
2488 2771 2788 2821 canones

580 2867 858 2918 centum
895 2866 961 2915 et
1004 2849 1172 2918 duo·
1214 2848 1487 2937 Sergius
1529 2847 1604 2914 P.
1646 2864 1724 2915 ut
1764 2846 2129 2914 adsensum
2173 2847 2320 2913 inis
2363 2869 2559 2917 suum
2596 2876 2791 2943 prae-

583 2950 819 3040 beret,
857 2951 1097 3019 induci
1138 2972 1274 3020 non
1316 2953 1569 3041 potuit.
1598 2949 1859 3042 Espen.
1900 2950 1969 3034 in
1998 2952 2162 3019 diss.
2188 2952 2258 3019 in
2287 2950 2538 3044 Synod.
2563 2953 2784 3028 Trull.

582 3051 792 3122 Conf.
836 3055 1088 3146 Pagius
1130 3055 1218 3123 ad
1257 3078 1418 3123 ann.
1463 3051 1658 3147 692.
1720 3114 1725 3117 .

611 3158 900 3234 VII.
925 3159 1305 3232 Nicaenum
1347 3158 1429 3225 Π.
1470 3160 1561 3226 ad
1601 3157 1978 3241 toileudam
2016 3156 2107 3226 de
2150 3160 2581 3250 imaginibus
2618 3180 2782 3230 con·

581 3268 989 3332 troversiam
1032 3286 1189 3331 ann.
1230 3263 1405 3350 787.
1447 3263 1784 3330 indictum
1825 3279 1925 3329 est
1967 3263 2245 3350 quidem
2286 3286 2327 3330 a
2368 3263 2769 3350 Constanti-

584 3387 664 3434 no
703 3385 770 3436 et
813 3368 996 3436 Irene
1036 3365 1281 3458 Augg.
1326 3387 1448 3433 nec
1491 3366 1715 3433 invito
1775 3381 2001 3433 tamen
2056 3366 2401 3434 Hadriano
2438 3354 2599 3462 (5).
2648 3366 2777 3434 In·

674 3512 770 3595 (1)
853 3515 1023 3574 Card.
1059 3516 1239 3573 Noris
1272 3517 1333 3571 in
1367 3517 1503 3573 diss.
1539 3519 1610 3575 de
1641 3514 1869 3593 Synodo
1899 3518 2102 3595 quinta
2130 3516 2232 3574 lib.
2283 3533 2333 3572 1.
2379 3528 2503 3590 cap.
2551 3534 2610 3597 7.
2644 3514 2792 3576 Pa-

586 3594 845 3751 giugosd
862 3596 1435 3748 Jozznfgffirzerssibs
1466 3677 1601 3735 diss.
1633 3676 1706 3734 de
1734 3674 1959 3750 synodo
1988 3677 2187 3753 quinta
2216 3685 2339 3749 cap.
2392 3690 2448 3751 ς.

665 3755 763 3835 (3)
843 3754 1090 3812 Natalis
1119 3754 1469 3816 Alexander
1501 3754 1644 3816 Saec.
1677 3752 1824 3815 VII.
1876 3757 2011 3813 diss.
2054 3773 2120 3813 ·.1

671 3833 772 3912 (4)
856 3834 923 3889 In
959 3837 1093 3891 diss.
1129 3835 1352 3911 Μιροίοέ·
1380 3847 1490 3908 pro
1520 3839 1668 3894 actis
1696 3849 1884 3894 sextae
1915 3833 1996 3911 Sy
2001 3836 2147 3893 nodi

663 3912 765 3996 (5)
844 3915 1089 3972 Natalis
1140 3913 1491 3974 Alexander
1542 3913 1745 3978 Saecul.
1793 3856 1996 3978 ῙΙἩΙἑν
2029 3917 2263 3976 dissert.
2300 3934 2356 3995 3.
2404 3916 2577 3978 artic.
2638 3935 2689 3976 1.
2734 3934 2804 3976 2

590 3992 1080 4080 Pagiusadann.
1112 3995 1187 4075 78
1199 4012 1255 4075 5.
1286 4013 1350 4062 n.
1390 4014 1454 4075 4
