3275 4784
247 524 362 545 “

1204 297 1603 354 carum
1651 299 1821 354 1r1.
2459 278 2553 356 61

388 448 482 497 se
514 425 863 497 Romanos
901 413 1312 494 futilitatem
1349 421 1837 517 epistolarum,
1884 427 2009 493 nec
2059 412 2167 490 his
2219 443 2338 492 eos
2391 445 2588 499 com-

404 530 652 600 mentis
689 549 897 620 egere
933 526 1024 597 ad
1064 527 1395 600 tuendam
1420 525 1611 597 Sedis
1637 526 1967 596 Romanae
1995 516 2436 617 dignitatem.
2463 527 2597 602 Ce-

404 646 632 704 terum
697 630 874 702 nihil
936 652 1078 700 esse
1137 634 1212 700 in
1275 630 1381 699 his
1446 632 1721 722 penitus
1782 628 2131 722 epistolis,
2181 632 2310 698 etsi
2376 627 2598 722 falsis,

403 735 597 825 quod
634 756 773 806 non
819 735 1169 805 verissime
1206 734 1296 802 ab
1334 733 1589 804 Isidoro
1633 733 1924 824 singulis
1960 729 2411 804 Pontificibus
2462 736 2598 805 ad-

390 839 741 928 -scriptutn
774 839 900 906 site
936 836 1109 907 nihil
1138 837 1484 929 pontificae
1508 838 1908 906 auctoritati
1936 857 2059 928 per
2082 856 2197 905 eas
2222 834 2596 929 adjectum,

402 937 584 1009 nihil
624 963 767 1010 esse
806 939 1190 1009 detractum
1227 941 1637 1031 episcopali:
1677 942 1967 1032 priscam
2003 960 2082 1010 ac
2122 940 2455 1011 sinceram
2515 944 2591 1012 in

403 1042 493 1110 iis
536 1042 966 1133 disciplinam
1017 1042 1375 1133 exhiberi,
1426 1043 1738 1114 adeout
1791 1041 2002 1114 laude
2053 1043 2335 1132 dignior
2383 1066 2593 1134 quam

402 1146 757 1236 vituperio
791 1144 1127 1215 Blondelli
1167 1147 1496 1216 videatur
1520 1167 1808 1237 operosa
1835 1145 2245 1239 diligentia,
2267 1138 2590 1236 quidum

403 1246 791 1317 indicandis
828 1244 1182 1338 fontibus,
1207 1245 1247 1317 ὲ
1272 1248 1523 1340 quibus
1547 1271 1672 1320 sua
1701 1248 1991 1318 Isidorus
2016 1250 2390 1339 surripuit,
2417 1271 2592 1341 gra-

404 1351 755 1421 vissimum
792 1373 863 1420 se
900 1352 1173 1422 vulnus
1212 1349 1540 1422 Ecclesiae
1584 1351 1916 1422 Romanae
1962 1350 2282 1441 sperabat
2339 1352 2588 1424 illatu-

409 1472 600 1542 rum,
633 1454 1029 1544 imprudens
1067 1454 1143 1523 id
1176 1452 1455 1525 dederit
1479 1474 1759 1546 operam
1776 1504 1799 1543 ,
1828 1470 1906 1523 ut
1932 1455 2413 1523 auctoritatem
2438 1456 2589 1546 ejus

413 1556 972 1647 majestatemque
1011 1557 1298 1627 mirifice
1349 1557 1715 1627 stabiliret.
1750 1556 2038 1626 Verum.
2071 1555 2313 1625 demus
2353 1559 2593 1650 etiam,

404 1657 730 1749 inquiunt
768 1678 1012 1751 porro,
1048 1661 1548 1731 vitiosamesse
1581 1662 1844 1752 jurium
1881 1657 2317 1751 quorundam
2353 1663 2585 1752 origi-

404 1780 594 1833 nem:
647 1783 814 1832 num
865 1763 956 1832 ob
1006 1762 1082 1831 id
1138 1760 1285 1833 haec
1323 1763 1599 1854 penitus
1647 1761 2103 1834 convellenda
2155 1761 2587 1853 putabimus?

401 1861 674 1956 Nempe
716 1866 866 1934 fieri
905 1865 1092 1936 istud
1134 1863 1452 1958 profecto
1490 1887 1628 1936 non
1670 1883 1936 1960 potest,
1975 1866 2144 1957 quin
2172 1881 2317 1935 tota
2345 1889 2581 1937 neces-

399 1970 586 2036 sario
650 1967 962 2039 Ecclesia
1006 1972 1413 2088 perniciosis
1462 1970 1687 2040 turbis
1744 1972 2171 2041 involvatur.
2225 1969 2382 2039 Imo
2443 1973 2578 2040 etsi

392 2067 554 2151 [fieri
594 2072 804 2160 possit
843 2073 1169 2161 maxime,
1207 2071 1493 2141 firmiori
1527 2074 1665 2165 jam
1704 2070 2198 2143 fundamento
2219 2069 2397 2141 hanc
2444 2075 2575 2142 niti

390 2170 879 2264 disciplinam,
928 2197 1140 2264 quam
1189 2193 1267 2245 ut
1313 2177 1452 2266 juri
1503 2177 1699 2265 tangi
1754 2177 1992 2265 possit.
2040 2174 2243 2243 Alius
2289 2194 2587 2244 eonsen-

404 2296 553 2345 sum
588 2274 1103 2369 Episeojporum
1129 2276 1366 2345 saltem
1405 2279 1694 2348 tacitum
1735 2286 1980 2367 urget,
2012 2276 2587 2365 indeque.natam

405 2378 951 2453 observantiam:
993 2381 1170 2451 alius
1212 2380 1829 2471 praescriptione-ao
1859 2380 2278 2471 possessione
2306 2376 2589 2451 diutur-

406 2502 496 2552 na
532 2480 664 2554 hoc
703 2485 1074 2555 sacrarium
1129 2498 1387 2553 tuetur.
1436 2481 1604 2553 Sunt
1649 2484 1861 2563 *etiam
1911 2486 2031 2574 qui
2086 2483 2574 2575 receptionem,

399 2604 555 2654 sunt
594 2592 712 2679 qui
754 2586 1198 2659 Concordata
1235 2586 1733 2656 Nationum'in
1773 2586 2160 2656 subsidium
2198 2583 2573 2659 advocant.

401 2688 603 2757 Alius
637 2691 831 2761 aliud
872 2689 1160 2758 verbose
1197 2691 1376 2758 adeo
1412 2689 1762 2780 disputat,
1798 2707 1879 2760 ut
1931 2703 2249 2783 putares,
2298 2708 2435 2759 non
2484 2689 2591 2759 de
2637 2731 2666 2743 κ

399 2792 810 2883 quisquilliis
847 2784 1165 2882 Isidori,
1196 2791 1317 2863 sed
1353 2790 1440 2861 de
1490 2795 1841 2887 praecipuo
1875 2792 2177 2884 quodam
2201 2789 2588 2884 religioni&

395 2888 809 2967 Christianae
838 2895 1173 2989 dogmate
1213 2896 1759 2987 depugnandum
1781 2897 1934 2969 illis
1970 2891 2248 2967 fuis-02.
2319 2925 2370 2967 ·,
2409 2956 2424 2969 .
2435 2904 2471 2927 ‘
2513 2938 2520 2949 =
2565 2948 2572 2963 .

503 2995 763 3065 Set-101..
861 2994 1073 3069 Conf.
1111 2998 1560 3070 Kauffmanns
1611 3001 1716 3068 de
1740 2999 1932 3071 Stat.
1977 2997 2247 3071 Eccles.
2265 2997 2573 3077 disserti

386 3100 589 3187 prael.
632 3101 692 3185 §.
740 3120 808 3187 3.
847 3116 912 3168 et
953 3101 1222 3175 dissert.
1270 3123 1335 3191 3.
1376 3105 1435 3188 §.
1472 3122 1549 3194 9.
1607 3101 1877 3194 Sappel.
1917 3103 2012 3172 -de
2058 3101 2251 3171 Stat.
2303 3101 2573 3178 Eccles.

385 3217 558 3293 pag.
612 3198 778 3270 116.
818 3220 896 3273 et
939 3222 1110 3296 299.
1161 3223 1332 3292 310.
1361 3203 1685 3296 Sangallo
1711 3228 1863 3297 cap.
1896 3227 1965 3274 α.
1992 3208 2054 3291 §.
2090 3225 2157 3291 3.
2185 3229 2257 3293 4.
2239 3203 2569 3281 .Baueri·

401 3303 552 3435 nius
591 3304 662 3373 in
690 3305 971 3378 Vindic.
996 3311 1334 3382 auctorit.
1368 3302 1641 3391 Pontis.
1683 3328 1828 3400 cap.
1875 3331 1945 3398 5.
1978 3324 2147 3401 pag.
2197 3324 2364 3399 19²·
2449 3340 2456 3349 =

2549 3440 2578 3473 Ἦ

1232 3518 1305 3606 5.
1408 3512 1860 3589 van1.‹·
2171 3548 2196 3609 ,χ
2271 3492 2310 3583 -i
2391 3480 2512 3584 21:
2553 3546 2584 3603 z

1202 3653 1795 3809 Εκαηιίηαητυν.

553 3923 686 3997 Sed
751 3889 840 3999 de
892 3929 1240 4002 Blondello
1293 3929 1482 4023 quod
1524 3922 1826 4024 jactant,
1874 3928 1953 4002 id
2006 3929 2211 4023 quale
2265 3934 2404 4023 sit,
2442 3885 2575 4024 ipsi

397 4024 721 4102 viderint.
760 4030 1089 4105 Ceterum
1139 4037 1299 4111 etsi
1319 4056 1456 4128 ego
1504 4035 1720 4107 absim
1772 4057 1982 4126 quam
2031 4036 2427 4128 longissime
2468 4034 2574 4124 pb
2636 4062 2642 4068 ·
