3275 4784
614 302 734 370 20
1328 302 1820 357 τεΕοΤιο
1920 308 1974 359 L

585 426 715 497 der
774 424 947 497 Saec.
1003 393 1356 498 Isciissert.
1393 428 1508 496 18.
1537 428 1794 518 Pagius
1830 429 1898 495 in
1938 425 2197 496 Critian·
2228 428 2317 495 ad
2388 450 2542 498 ann.
2595 452 2763 500 100.

589 553 759 601 num.
799 554 911 599 10.
944 549 1012 600 et
1053 533 1294 600 Petrus
1335 533 1422 601 de
1460 532 1698 601 Marca
1736 531 1853 599 lib.
1893 554 1955 618 3.
1985 550 2130 623 cap.
2178 553 2248 599 2.
2276 535 2334 617 §.
2378 555 2450 620 7.

690 634 948 705 SCHOL.
977 635 1072 704 II.
1179 636 1332 725 Ipse
1361 637 1536 705 adeo
1563 637 1869 703 Isidorus
1907 637 2260 705 Mercator
2291 632 2553 705 homoa
2585 657 2780 706 mem·

580 738 801 807 daciis
841 740 1116 806 minime
1153 740 1456 825 alienus,
1487 739 1657 828 quid
1698 740 1783 807 de
1813 741 2083 830 origine
2126 739 2369 807 horum
2398 738 2760 810 Canonum

581 863 812 910 secum
851 859 1211 931 statueret,
1247 844 1593 911 interdum
1637 843 1920 911 videtur
1958 866 2205 933 anceps
2249 842 2540 911 haesisse.
2581 844 2766 915 Vid.

584 944 749 1013 dist.
792 942 1085 1015 16.Can.
1129 973 1200 1034 4.
1242 956 1443 1036 quem
1485 944 1684 1035 huic,
1724 969 1858 1014 non
1899 947 2168 1014 Isidoro
2209 947 2600 1036 Hispalensi
2645 950 2763 1016 tri·

581 1047 933 1118 buendum
963 1061 1121 1118 esse‘
1137 1050 1273 1140 jam
1304 1068 1461 1118 ante
1493 1072 1597 1118 me
1641 1054 1807 1117 Ant.
1840 1051 2274 1137 Augustinus
2314 1051 2521 1118 vidit.
2550 1049 2776 1134 Quod>

581 1169 815 1221 autem
850 1175 933 1222 eo
970 1155 1127 1225 loco
1174 1155 1272 1222 ait
1310 1154 1654 1238 Isidorus,
1696 1155 1993 1245 synodali
2031 1153 2442 1221 auctoritate
2485 1154 2764 1224 robora·

578 1270 687 1323 tos
728 1253 1289 1326 fuisse‘Canones
1332 1258 1808 1346 ApostolicOS‚
1849 1257 2154 1346 ejusdem
2221 1258 2315 1324 rei
2358 1273 2594 1323 testem
2637 1256 2764 1326 ha-

578 1356 712 1427 beo
754 1361 1191 1429 Anastasium
1233 1360 1846 1429 Bibliothecarium
1898 1362 1968 1427 in
2012 1356 2417 1450 praefatione
2455 1360 2761 1450 septimae

576 1459 841 1546 Synodi
883 1465 969 1532 ad
1014 1465 1348 1542 Joannem
1392 1464 1464 1531 P.
1505 1463 1706 1532 VIII.
1749 1463 2067 1547 Synodus
2111 1462 2253 1530 haec
2282 1462 2772 1547 Lateranensis'

577 1560 718 1633 fuit
759 1588 916 1634 ann.
960 1563 1134 1656 769.
1177 1566 1370 1656 cujus
1411 1584 1562 1633 acta
1616 1566 1841 1634 edidit
1891 1561 2141 1654 Cajet..
2179 1564 2483 1634 Cennius
2522 1566 2761 1634 Romae

578 1688 737 1735 ann.
797 1664 1010 1756 1736.
1031 1686 1097 1738 et
1117 1689 1273 1736 ante
1304 1670 1500 1737 illum
1527 1669 1701 1736 Luc.
1723 1669 2122 1737 Holstenius
2153 1669 2221 1736 in
2247 1667 2532 1736 Collect.
2562 1668 2758 1739 Rom.

577 1769 672 1837 P.
723 1793 782 1837 1.
813 1790 987 1863 pag.
1036 1794 1208 1858 257.
1251 1796 1384 1861 seq.
1425 1769 1636 1840 Conf.
1678 1772 1766 1839 de
1808 1772 2048 1840 Marca
2077 1770 2199 1838 lib.
2226 1792 2288 1859 3.
2315 1789 2461 1860 cap.
2495 1793 2562 1838 2.
2592 1776 2651 1857 §.
2688 1768 2763 1841 6.

574 1872 760 1940 Hinc
803 1874 950 1941 Leo
988 1875 1123 1943 IV.
1153 1873 1476 1945 Pontifex
1508 1878 1575 1942 in
1620 1875 1934 1966 Epistola
1963 1876 2051 1942 ad
2081 1874 2462 1964 Episcopos
2492 1876 2766 1944 Britan-

574 1978 706 2043 niae
732 1974 1049 2047 Canones
1096 1980 1586 2070 Apostolorum
1617 1980 1698 2045 iis
1741 1978 2138 2047 Canonibus
2164 1981 2568 2062 accenssuit.‚
2608 1981 2765 2067 qui-

574 2078 703 2145 bus
743 2080 812 2148 in
851 2080 1355 2149 Ecclesiasticis
1394 2082 1679 2170 „judiciis
1712 2082 1848 2172 jam
1890 2099 2035 2150 tum
2074 2080 2487 2169 utebantur3
2527 2079 2759 2149 Cano-

576 2202 697 2249 nes
727 2185 1003 2273 inquam
1020 2187 1281 2275 priores
1298 2187 1799 2275 quinquaginta
1819 2235 1840 2272 .,
1869 2185 2060 2274 quod
2077 2202 2341 2251 constat
2353 2205 2440 2250 ex
2469 2187 2774 2273 respon-2

571 2306 649 2353 so
690 2287 1057 2356 Humberti
1102 2290 1268 2358 dato
1308 2289 1576 2357 Nicetae
1617 2290 1804 2379 apud
1839 2288 2249 2358 Gratianum
2294 2286 2599 2354 distinct.
2640 2283 2758 2358 16.

570 2389 741 2456 Can.
792 2412 857 2475 3.
903 2390 1009 2456 Ex
1051 2412 1188 2479 quo
1229 2395 1530 2479 intelligi
1573 2393 2024 2479 liquidissime
2102 2406 2366 2477 potest,
2404 2390 2574 2478 quid
2623 2391 2759 2459 sibi

570 2492 746 2569 velit
786 2489 1104 2557 Urbanus
1160 2491 1526 2577 Pontifex,
1560 2494 1705 2558 dum
1781 2493 1948 2559 Can.
1996 2488 2065 2556 6.
2133 2493 2440 2557 distinct.
2517 2513 2602 2578 32
2659 2496 2759 2564 ita

574 2592 849 2662 scribit:
924 2594 1250 2663 sciendum
1325 2602 1553 2681 ver-05
1606 2596 1779 2683 quod
1825 2594 2155 2662 Canonum
2218 2593 2757 2684 Apostolicorum

568 2702 981 2770 auctoritate
1022 2698 1437 2790 orientalis,
1488 2715 1556 2767 et
1613 2721 1697 2768 ex
1751 2715 1957 2792 parte
2009 2696 2305 2768 Romana
2358 2699 2579 2767 utitur
2616 2697 2762 2769 Ec-

569 2799 801 2873 clesia.

1459 2910 1517 2993 §.
1587 3001 1591 3005 ι
1625 2905 1857 2976 XVII.

988 3118 1161 3192 Non
1180 3133 1493 3214 possunt
1523 3116 1939 3214 Apostolis
1969 3116 2343 3193 adscribi.

602 3386 609 3393 .
721 3325 956 3417 Atque
998 3325 1128 3395 hoc
1168 3326 1490 3417 quidem,
1552 3329 1606 3394 si
1647 3325 1816 3417 quid
1883 3346 2019 3418 ego
2071 3325 2375 3394 indicare
2440 3346 2754 3416 possum,

560 3447 693 3493 non
736 3431 1101 3499 immerito.
1142 3430 1420 3497 Etenim
1497 3451 1695 3496 nemo
1741 3452 1911 3496 unus
1984 3452 2070 3496 ex
2111 3431 2233 3514 iis,
2298 3431 2415 3517 qui
2490 3431 2742 3498 saeculo

561 3537 1205 3625 quartosuperiores
1244 3531 1793 3599 Christianorum
1816 3554 1916 3598 res
1947 3550 2168 3621 gestas
2214 3533 2480 3620 scriptis
2512 3553 2744 3619 prose-

558 3635 700 3699 cuti
744 3653 936 3721 sunt,
990 3634 1350 3704 Canonum
1393 3635 1479 3703 ab
1529 3636 1886 3725 Apostolis
1925 3634 2271 3703 editorum
2336 3636 2748 3700 mentionem

562 3738 823 3823 uspiam
860 3740 1102 3829 injicit.
1134 3739 1310 3823 Quis
1346 3756 1446 3808 est
1473 3757 1703 3808 autem
1746 3742 1976 3806 animo
2009 3756 2140 3804 tam
2172 3737 2258 3802 ad
2323 3735 2747 3803 credendum

557 3841 892 3926 proclivi,
938 3859 1010 3909 ut
1085 3842 1403 3911 conditos
1481 3843 1567 3910 ab
1633 3845 1795 3931 ipsis
1847 3841 2119 3909 Christi
2203 3839 2559 3928 discipulis
2632 3839 2746 3908 vel

549 3944 1051 4034 quinquaginta
1091 3943 1409 4015 Canones
1449 3947 1578 4012 sibi
1662 3943 1868 4014 facile
1949 3946 2125 4010 sinat
2170 3943 2615 4032 persuaderi,
2660 3944 2747 4011 de

547 4048 795 4132 quibus
835 4052 1049 4121 omnis
1089 4072 1212 4143 per
1254 4052 1386 4119 tria
1427 4050 1705 4120 omnino
1747 4049 1989 4118 saecula
2008 4047 2335 4116 altissime.
2370 4049 2525 4116 silet
2564 4048 2742 4113 anti-
