3275 4784
732 250 830 345 84
1512 260 1886 316 sECTro
1986 262 2040 312 1.

692 416 857 463 num
921 391 1317 461 eorumdem
1393 391 1744 479 Praepositi
1806 385 2311 476 provocationis
2379 387 2471 456 ad
2538 392 2877 465 concilium

692 502 1012 593 generale
1043 498 1401 580 formulam
1444 492 1884 582 adjecerunt,
1929 508 2003 557 ut
2048 491 2454 574 Raynaldus
2514 518 2736 569 narrat
2798 502 2886 569 ad

698 626 846 671 ann.
907 624 1119 689 ¹47¹·
1175 625 1237 667 n.
1283 595 1410 690 69,
1452 597 1538 665 Et
1582 598 1637 662 si
1681 597 1945 662 Bzovio
2000 614 2074 665 et
2107 597 2467 685 Wadingo
2536 600 2698 670 fides
2749 604 2879 672 ad-

699 706 924 775 hiberi
963 722 1221 795 potest,
1263 702 1670 770 Innocentio
1709 702 1942 766 mortis
1981 722 2182 767 causa
2226 704 2490 771 exstitit
2537 703 2672 773 baec
2707 728 2868 796 prae·

701 813 901 900 cipue
927 859 946 894 ,
987 808 1175 899 quod
1217 808 1587 896 privilegia
1616 806 1941 873 ordinum
1977 806 2458 894 religiosorum
2499 809 2868 897 paullulum

706 914 1265 982 circumscribere
1304 933 1508 979 ausus
1549 929 1749 976 esset.
1803 910 1902 976 Ita
1957 910 2219 976 scilicet
2285 909 2439 987 Deo
2490 934 2677 981 curae
2713 933 2878 1005 sunt,

703 1035 779 1085 ut
826 1041 905 1084 ne
947 1014 1318 1084 monachus
1353 1014 1698 1103 Episcopo
1728 1033 1853 1081 suo
1882 1013 2312 1103 subjiciatur.
2343 1014 2614 1083 Rursus·
2644 1020 2707 1084 in
2736 1040 2887 1087 con-

701 1123 877 1189 cilio
920 1122 1337 1188 Tridentino
1362 1168 1393 1204 ,.
1432 1139 1651 1207 quum
1695 1116 1786 1184 de
1839 1118 2242 1185 revocandis
2307 1138 2432 1185 aut
2495 1122 2887 1212 mitigandis

705 1227 942 1291 saltem
972 1222 1532 1311 exemptionibus
1557 1238 1919 1314 ageretur,
1959 1243 2095 1288 non
2130 1222 2389 1309 placuit
2416 1226 2881 1315 exemptiones

703 1325 745 1395 ὲ
783 1330 1056 1396 summis
1103 1327 1550 1397 Pontificibus
1590 1347 1950 1393 concessas
1979 1325 2074 1393 ab
2103 1328 2244 1393 alio
2269 1349 2473 1415 quam
2501 1325 2544 1395 ἐι
2573 1329 2879 1400 Romano

703 1432 1038 1501 Pontifice
1097 1433 1246 1499 tolli
1289 1449 1409 1500 aut
1450 1431 1698 1497 minui..
1745 1428 2147 1498 Pontificem
2200 1449 2426 1498 autem
2457 1481 2480 1517 ,
2530 1434 2666 1499 nisi
2705 1456 2885 1502 suam

703 1537 919 1625 ipsam
957 1538 1369 1626 dignitatem
1423 1535 1899 1624 imprudenter
1950 1551 2243 1601 conetur
2305 1531 2781 1626 labefactare,
2816 1538 2886 1607 id

703 1641 987 1728 quidem
1030 1637 1373 1706 facturum
1417 1660 1785 1725 numquam
1826 1637 2288 1705 pallavicinus
2332 1659 2460 1705 nos
2483 1639 2689 1729 jubet
2739 1663 2887 1709 cre«

638 1810 646 1819 ,
707 1742 870 1808 dere
938 1745 1006 1808 in
1057 1740 1227 1806 hist.
1278 1742 1521 1807 concil..
1580 1738 1770 1806 Trid.
1825 1741 1944 1806 lib.
2008 1762 2120 1807 12.
2161 1760 2308 1832 cap.
2360 1764 2474 1830 13.
2514 1746 2574 1828 §.
2622 1745 2694 1811 8.
2750 1745 2896 1833 ubi',

706 1840 895 1910 haud·
930 1837 1228 1931 inficior,
1293 1846 1570 1932 inquit,
1634 1864 1821 1909 unum
1875 1867 1959 1910 ex
2014 1845 2462 1915 emolumentis
2483 1896 2513 1936 ,.
2580 1871 2731 1937 quae
2780 1870 2897 1916 re·-

702 1949 1047 2037 gulas-ium
1100 1949 1481 2015 immunitas
1528 1971 1735 2015 secum
1766 1943 1983 2035 fert„
2016 1949 2083 2013 in
2126 1971 2197 2016 eo
2238 1952 2438 2017 situm
2470 2000 2492 2038 ,
2532 1953 2716 2039 quod
2745 1964 2908 2021 auc-³

707 2053 1058 2121 toritatem
1121 2055 1292 2120 sedis
1347 2051 1776 2142 Apostolicae·
1822 2053 2207 2141 sustinear,
2272 2056 2615 2122 secundum
2692 2056 2899 2124 insti‘-

692 2158 1026 2226 tutionem
1068 2155 1330 2226 Christi
1385 2175 1453 2225 et
1512 2156 1836 2223 Ecclesia>
1883 2156 2153 2245 bonum,
2215 2178 2410 2244 quum.
2446 2159 2519 2224 in
2559 2177 2895 2250 comperto

708 2263 807 2328 sit
835 2313 856 2348 ,
910 2285 1091 2331 omne
1138 2261 1541 2332 monarchiae·
1572 2261 1926 2352 regimen,
1983 2284 2102 2349 quo
2142 2283 2208 2327 se
2242 2261 2528 2328 illoesum*
2586 2278 2901 2355 tueatur,

707 2385 866 2454 opus
920 2366 1163 2433 hahere.
1202 2369 1271 2432 in
1312 2366 1602 2454 singulis
1630 2366 2008 2451 provinciis
2051 2365 2273 2453 aliquo
2303 2365 2901 2459 praevalidaprae-

656 2470 879 2535 ‘sidio
931 2470 1255 2555 ejusmodi
1313 2466 1771 2551 subditorum,
1826 2469 1945 2555 qui-
1980 2467 2302 2558 Principi'
2321 2488 2451 2558 per
2493 2492 2559 2537 se
2621 2492 2704 2538 ac
2744 2490 2904 2564 per-

689 2587 905 2661 petuo
946 2572 1093 2638 illic
1148 2570 1521 2638 dominanti
1577 2591 1978 2659 nequaquam
2032 2571 2504 2661 subjiciantur.
2557 2574 2708 2642 Nec
2768 2578 2903 2645 alio

696 2693 939 2765 pacta,
979 2678 1203 2765 inquit
1245 2676 1367 2742 lib.
1412 2676 1487 2742 8..
1519 2695 1664 2763 cap.
1715 2698 1827 2759 17.
1870 2679 1926 2759 §.
1982 2697 2093 2741 12.
2135 2677 2401 2743 laudati
2449 2677 2718 2745 ordines
2761 2702 2909 2747 sus-

708 2782 1041 2847 tentandae
1097 2778 1537 2842 Lateranensi.
1587 2777 1884 2839 basilzcae
1944 2776 2337 2856 collabenti,
2378 2776 2502 2840 lzoc
2554 2796 2714 2865 est,
2757 2783 2905 2850 Ec..

707 2882 927 2946 clesiae
980 2876 1331 2943 catholz'cae
1370 2873 1719 2961 opportuni
1742 2868 2078 2953 futssent:
2122 2874 2519 2943 vaticinium
2552 2876 2907 2976 profecta,

709 2981 877 3068 quod
914 3001 986 3045 re
1021 2975 1498 3068 comprobatum
1540 2991 1646 3041 est·
1675 3025 1696 3062 ,
1735 2976 1848 3042 vel
1875 2974 2027 3065 ipso
2065 2974 2368 3045 Nicolao
2419 2979 2905 3065 Machiavejlo

691 3079 993 3168 fatente.
1044 3084 1151 3151 Ita
1205 3098 1625 3172 purpuratus
1678 3077 1797 3144 hic
1845 3075 2486 3169 historiographus,
2543 3084 2705 3154 dum
2770 3113 2906 3160 suae

705 3189 938 3257 studet
979 3210 1247 3273 causae,
1283 3188 1571 3275 ignarus.
1611 3181 1756 3250 sedi
1799 3183 2127 3252 Romanae
2170 3187 2632 3275 turpissimam
2665 3212 2906 3261 macu-

713 3293 857 3361 lam
902 3294 1147 3361 inurit.
1198 3290 1483 3372 Quanto
1533 3289 1787 3356 rectius
1838 3288 1950 3354 111.
1991 3288 2328 3356 Bossuet:
2396 3292 2606 3359 Certo
2657 3297 2908 3364 statui.

682 3420 845 3467 mus
876 3448 908 3487 ,.
969 3396 1243 3484 inquit,
1305 3414 1650 3480 numquam
1697 3389 2021 3459 Ecclesiae
2083 3390 2482 3480 catholicae,
2558 3417 2903 3483 numquam

676 3501 840 3567 ·sedi
884 3497 1296 3584 Apostolicae
1337 3518 1515 3562 suam
1554 3496 1959 3585 dignitatem
1998 3496 2544 3575 constituturum,
2587 3497 2717 3563 nisi
2761 3501 2884 3568 de-

681 3598 927 3687 sensis
958 3599 1311 3668 canonibus
1356 3600 1772 3687 adscitisque
1813 3598 2165 3691 Episcopis
2196 3650 2218 3688 ,
2259 3621 2412 3689 quos
2463 3602 2603 3689 ipse
2647 3598 2897 3671 Chris-

708 3704 1181 3795 tusadjutores
1210 3704 1497 3777 dederit.
1528 3703 1597 3773 In
1620 3704 1825 3776 torol.
1854 3699 2106 3790 defens.
2137 3703 2385 3774 declar.
2412 3704 2598 3775 cler.
2630 3701 2897 3833 Gallica

715 3813 779 3896 ᾗ.
831 3834 942 3881 11.
993 3811 1063 3879 in
1112 3802 1285 3894 fine,
