3275 4784
639 183 791 259 200
1352 184 1815 241 :SEC‘TIO
1895 177 2013 240 112

1477 407 1537 489 §-
1669 402 1878 473 CLX.

1016 615 1142 692 De
1198 615 1325 691 his
1383 614 1566 690 unde
1615 631 1971 725 constare
2009 617 2322 713 potest?

726 826 900 895 Tam
941 824 1157 896 multa
1208 846 1377 897 vero
1441 843 1661 916 quum·
1707 825 1895 916 sint,
1959 847 2108 917 quae
2171 827 2434 897 sincera
2486 846 2755 922 aperta·

559 949 695 1017 que
748 930 1096 1019 Majorum
1146 930 1434 1000 traditio
1483 930 1573 997 ad
1630 929 1954 1019 generale
1991 950 2072 997 ac
2111 929 2501 1021 legitimum
2549 931 2753 1007 Con-

554 1033 793 1101 cilium
842 1035 1188 1123 requirat,
1236 1054 1361 1101 nec
1401 1032 1519 1104 illa
1560 1048 1786 1100 tamen
1829 1035 1924 1103 ita
1965 1034 2099 1101 sint
2136 1034 2208 1101 in
2250 1052 2570 1125 promptu
2607 1087 2631 1127 ‚
2671 1055 2754 1111 ut

551 1137 744 1223 quasi
788 1137 1003 1205 oculis
1044 1152 1453 1226 cernantur3
1495 1158 1648 1226 quae
1676 1136 1813 1224 εἰς,
1856 1136 2156 1204 ineunda
2184 1137 2380 1205 nobis
2412 1141 2587 1209 ratio
2621 1160 2747 1233 est,

556 1252 637 1304 ut
678 1260 827 1327 quae
880 1260 1007 1329 pto
1060 1239 1384 1329 legitimis
1418 1236 1768 1306 'Conciliis
1817 1236 2138 1308 habenda
2201 1241 2339 1326 sint
2369 1290 2392 1329 ,
2430 1262 2746 1316 constare

554 1356 746 1413 certo
788 1339 1045 1431 possit?
1083 1333 1510 1428 Pontificiam
1549 1332 2099 1425 confirmationem
2138 1344 2579 1433 spectandam
2609 1368 2748 1418 mo·

558 1457 676 1512 net
729 1444 1145 1513 Schmidtius
1172 1468 1194 1513 s
1253 1443 1414 1535 Ego
1459 1444 1935 1514 consensionem
1985 1443 2309 1514 Ecclesiae
2346 1445 2747 1522 Catholicae.

554 1544 708 1613 Hac
748 1564 985 1636 certe‚
1045 1568 1184 1616 non
1248 1546 1371 1614 illa
1437 1549 1707 1617 ratione
1760 1549 2087 1616 adversus
2150 1549 2448 1618 Arianos
2501 1552 2746 1641 probat

556 1645 988 1717 Athanasius
1040 1670 1165 1739 pro
1219 1648 1539 1740 generale
1580 1670 1659 1717 ac
1705 1649 2098 1739 legitimum
2145 1648 2543 1721 habendum
2603 1677 2745 1726 esse

546 1745 937 1821 Concilium
968 1752 1328 1820 Nicaenum
1367 1754 1441 1820 in
1482 1751 1774 1842 epistola
1805 1751 1898 1820 ad
1926 1751 2306 1843 Episcopos
2347 1751 2740 1828 Africanos:

549 1852 727 1921 Huic
769 1871 955 1923 certe
1008 1852 1309 1923 Concilio
1336 1904 1359 1943 ,
1412 1855 1728 1945 inquiens
1762 1905 1785 1945 ‚
1853 1855 2199 1925 universus
2264 1854 2442 1927 orbis
2504 1860 2743 1932 adsen-

550 1975 688 2022 sum
727 1956 1050 2048 praebuit.
1103 1956 1370 2027 Eadem
1431 1961 1699 2027 ratione
1764 1960 1984 2027 utitur
2049 1958 2376 2029 adversus
2427 1960 2743 2034 Donatis-

547 2072 648 2126 tas
686 2058 771 2128 S.
808 2059 1238 2153 Augustinus
1271 2051 1430 2158 (i):
1471 2060 1620 2130 Illis
1662 2060 2101 2152 temporibus,
2137 2078 2481 2152 antequam
2496 2068 2741 2156 plena-

542 2162 607 2228 ri
620 2162 647 2228 i
689 2164 1430 2233 conciliivsententiam
1484 2166 1695 2234 totius
1734 2164 2061 2234 Ecclesiae
2108 2169 2438 2234 consensio
2500 2163 2742 2253 confir-

541 2284 811 2338 mosset.
852 2266 948 2336 Et
989 2270 1286 2338 iterum:
1323 2267 1539 2337 Nobis
1586 2285 1805 2337 tutum
1857 2286 1962 2337 est
1990 2318 2012 2357 ,
2059 2270 2286 2360 inquit
2341 2260 2455 2366 (2)
2486 2320 2508 2359 ‚
2547 2272 2615 2340 in
2654 2294 2734 2343 ea

535 2392 657 2438 non
685 2371 1013 2461 progredi
1065 2372 1294 2457 aliqua
1346 2374 1732 2438 temeritate
1786 2372 2168 2460 sententiae,
2219 2394 2362 2461 quae
2414 2374 2591 2443 nullo
2653 2376 2730 2446 in

536 2469 868 2538 catholico
927 2471 1261 2561 regionali
1312 2472 1615 2538 Concilio
1669 2489 1931 2563 coepta,
1981 2473 2162 2541 nullo
2204 2476 2519 2563 plenario
2591 2495 2736 2549 ter·

537 2574 818 2662 minata¹
856 2587 1054 2641 sunt:
1109 2573 1185 2639 id
1243 2588 1462 2643 autem
1514 2566 1768 2657 fiducia
1833 2596 2078 2644 securae
2141 2580 2320 2645 vocis
2389 2580 2730 2672 adserere,

531 2677 705 2763 quod
762 2677 838 2746 inm
885 2674 1371 2768 gubernatione
1432 2676 1704 2766 Domini
1757 2674 1895 2742 Dei
1950 2681 2164 2746 nostri
2221 2696 2288 2746 et
2331 2681 2729 2753 Salvator-is

536 2774 721 2873 Jesu
767 2778 1089 2868 Christi,
1158 2780 1561 2847 universalis
1616 2778 1936 2846 Ecclesiae
1989 2782 2395 2849 consensione
2448 2784 2732 2853 robora-

536 2896 672 2949 tum
712 2900 839 2951 est.
883 2882 1116 2973 Atque
1157 2896 1233 2949 ut
1271 2883 1586 2976 omittam
1640 2879 1916 2950 Leonem
1957 2883 2027 2948 in
2064 2884 2355 2971 epistola
2394 2885 2483 2953 ad
2540 2885 2720 2957 Leo-

536 3006 675 3052 nem
714 2984 1137 3077 Augustum‚
1178 2986 1305 3052 ista
1359 2985 1599 3053 eadem
1642 2986 1909 3053 ratione
1961 2981 2548 3057 Chalcedonensis
2588 2990 2726 3077 Sy-

536 3089 701 3155 nodi
738 3088 1019 3159 decreta
1074 3087 1470 3178 tecipienda
1520 3110 1663 3157 esse
1713 3086 2173 3157 contendebat
2219 3087 2565 3159 Facundus
2598 3115 2621 3158 ε
2657 3094 2722 3160 si

538 3213 728 3278 qaam
780 3195 1223 3263 reverentiam
1253 3241 1275 3280 ‚
1328 3192 1698 3281 inquiam,
1759 3186 2116 3274 deferimus
2169 3195 2372 3261 etiam
2411 3193 2716 3285 Synoda-

536 3293 711 3361 libus
776 3298 1160 3364 constitutis
1213 3295 1295 3363 ab
1348 3293 1655 3363 Ecclesia
1719 3295 2085 3362 universali
2145 3297 2457 3386 receptis.
2493 3295 2712 3363 Nem-

532 3418 617 3483 pe
671 3415 856 3466 certa
895 3399 1176 3488 quidem
1212 3413 1316 3464 est
1366 3414 1438 3465 et
1476 3394 1867 3465 infallibilis
1904 3398 1977 3463 in
2016 3420 2084 3465 se
2121 3393 2421 3466 Concilii
2470 3397 2718 3488 legiti-

528 3518 636 3565 me
672 3500 996 3567 celebrati
1039 3501 1458 3567 auctoritas:
1499 3497 1618 3565 sed
1659 3501 1822 3588 quia
1861 3520 2157 3591 persaepe
2186 3549 2207 3585 ,
2245 3522 2332 3567 an
2394 3499 2707 3589 legitime

530 3599 952 3669 celebratum
992 3598 1247 3687 fuerit,
1300 3616 1523 3689 potest
1566 3602 1640 3668 in
1693 3600 1982 3670 dubium
2036 3603 2383 3690 revocari,
2438 3601 2513 3669 id
2566 3621 2714 3673 tum

525 3703 803 3771 demum
857 3704 1061 3772 etiam
1114 3705 1327 3792 quoad
1362 3724 1473 3770 nos
1521 3702 1863 3775 constabit
1901 3706 2272 3777 certissime
2300 3752 2325 3799 ,
2359 3726 2571 3798 quum
2610 3707 2699 3780 ab

658 3857 711 3921 1)
743 3852 922 3918 „Lib
962 3874 1012 3911 1.
1048 3856 1118 3910 de
1156 3852 1316 3925 bapt.
1354 3864 1477 3929 cap.
1520 3856 1609 3914 18.

616 3851 715 4017 ἔα)
773 3933 946 4012 ,3Lib.
992 3953 1050 4015 7.
1087 3947 1210 4009 cap.
1251 3952 1344 4012 53·
1532 3983 1539 3991 .
