3275 4784
715 256 810 331 92
1498 252 1880 306 sEc‘rto
1986 257 2039 306 1.

673 375 872 446 blicae
911 377 1271 447 exitiosius
1310 397 1451 444 esse
1492 391 1742 465 potest.
1782 374 1942 457 Qua
1982 375 2068 444 de
2113 397 2181 445 re
2210 375 2409 466 plena
2440 396 2665 451 exstat
2690 404 2860 473 que-

675 484 977 548 relarum
1051 477 1387 568 Stephani
1426 478 1877 546 Tornacensis
1927 481 2017 546 ad
2058 480 2480 547 Coelestinum
2521 483 2617 550 11.
2671 489 2861 574 epis-

683 583 824 650 tola
866 574 1017 678 (ι),
1056 583 1241 649 circa
1282 602 1539 648 annum
1594 601 1810 672 1192.
1865 584 2141 671 scripta.
2197 583 2437 670 Itaque
2487 583 2862 676 Gregorius

673 685 791 752 IX.
832 687 937 751 vir
974 681 1342 752 Canonicae
1384 686 1483 750 rei
1515 705 1592 751 ac
1624 680 1916 751 forensis
1945 687 2390 774 peritissimus
2417 676 2557 782 (2),
2587 707 2664 756 ut
2692 687 2860 761 huic

667 785 1057 853 scholarum
1096 787 1655 878 judiciorumque
1695 788 2072 859 calamitati
2109 788 2429 856 idoneam
2487 790 2860 862 adhiberet

670 888 1112 978 medicinam,
1163 892 1525 958 consilium
1567 890 1723 957 iniit
1759 938 1781 974 ‚
1835 911 2046 957 unum
2097 892 2415 979 exemplo
2454 887 2868 986 justiniani

676 990 1106 1080 Imperatoris
1160 1016 1248 1060 ex
1298 992 1610 1061 omnibus
1663 992 2005 1080 prioribus
2037 990 2422 1062 Codicibus
2487 995 2863 1065 decretali-

671 1091 936 1184 busque
978 1094 1020 1163 a
1060 1118 1128 1163 se
1171 1094 1401 1164 adhuc
1443 1095 1895 1186 promulgatis
1933 1094 2282 1169 conflandi
2323 1097 2686 1185 volumen,
2712 1101 2859 1190 cui,

665 1196 1003 1287 abrogata
1044 1202 1513 1288 superioribus
1555 1199 1626 1264 vi
1668 1199 2071 1290 obligandi,
2105 1200 2230 1266 soli
2259 1197 2712 1268 authenticam
2740 1203 2862 1269 im·

667 1303 1038 1388 pertiretur
1073 1306 1591 1388 auctoritatem,
1635 1319 1859 1389 ratus⁸‚
1900 1303 1971 1369 id
2028 1301 2214 1392 quod
2273 1323 2376 1368 res
2430 1319 2619 1387 erat,
2677 1300 2855 1391 fore,

667 1420 745 1469 ut
789 1402 920 1471 hoc
963 1422 1163 1494 pacto
1204 1398 1744 1475 conticescerent
1783 1404 2104 1494 deinceps
2145 1404 2526 1494 ambiguae„
2567 1405 2654 1472 de
2697 1406 2863 1495 fide,

657 1504 835 1593 juris
876 1507 1444 1597 disceptationem,
1477 1507 1870 1599 judicibus,
1911 1508 2195 1598 perinde
2238 1528 2318 1577 ac
2359 1506 2673 1576 Patronis
2702 1530 2862 1578 cau·

669 1628 943 1700 sarum,
993 1613 1501 1683 molestissimae.

1547 1817 1610 1900 §·
1716 1810 1967 1881 Lxlx.

1402 2024 1720 2122 Quando
1758 2023 2158 2119 confecta?

825 2228 1301 2304 Conficiendae
1365 2233 1800 2311 collectionis
1859 2223 2286 2325 provinciam
2344 2230 2728 2323 Raymundo
2783 2234 2861 2299 de

678 2333 1055 2420 Pennafort
1085 2335 1122 2404 ὲ
1153 2337 1415 2405 familia
1432 2337 1964 2407 Praedicatorum
1986 2337 2205 2406 sodali
2234 2327 2457 2432 (3)ita
2490 2337 2868 2423 mandavit,

685 2453 761 2501 ut
800 2443 1007 2504 etiam
1053 2456 1459 2525 potestatem
1502 2437 1751 2504 fecerit
1804 2441 2142 2505 resecandi
2174 2464 2195 2525 ‚·
2239 2441 2300 2503 si
2354 2460 2489 2525 qua
2535 2434 2872 2526 superflua

675 2534 821 2621 illi,
864 2555 984 2605 aut
1023 2540 1303 2604 inutilia
1345 2540 1487 2607 visa
1530 2535 1823 2607 fue-rint.
1867 2538 2097 2629 Adjici
2154 2559 2431 2627 quoque
2486 2560 2637 2604 suas
2689 2561 2870 2606 con-

685 2641 1076 2707 stitutiones
1110 2641 1309 2730 jussit
1339 2690 1361 2729 ,
1414 2661 1704 2729 quarum
1745 2639 1860 2709 ille
1904 2642 2267 2729 permultas
2321 2654 2566 2729 praeter
2620 2660 2877 2709 morem

697 2764 1031 2829 usumque
1070 2745 1395 2832 majorum
1440 2744 1527 2809 de
1572 2745 1772 2810 rebus
1810 2746 2085 2810 omnino
2126 2739 2434 2832 profanis
2474 2764 2557 2810 eo
2586 2739 2874 2811 fortasse

694 2847 985 2923 consilio
1028 2845 1452 2933 publicavit,
1491 2862 1568 2912 ut
1606 2847 1948 2913 minueret
1972 2848 2442 2931 necessitatem
2475 2848 2874 2913 recurrendi

690 2944 921 3033 ad-jus
966 2947 1172 3022 civile
1213 2946 1720 3038 Romanorum,
1760 2949 1952 3039 cujus
1994 2950 2472 3018 auctoritatem
2515 2950 2740 3038 magis·
2769 2949 2877 3014 in-

690 3048 874 3132 dim„
903 3053 1253 3139 magisque
1287 3053 1699 3120 invalescere
1736 3056 1994 3121 invitus
2023 3051 2421 3120 intuebatur
2447 3042 2586 3146 (4).
2626 3050 2878 3118 Absol-

677 3151 781 3217 vit
826 3171 993 3240 opus
1036 3156 1239 3222 citius
1267 3158 1778 3245 exspectatione
1808 3154 2226 3245 Raymundus
2257 3156 2520 3243 ingenti
2554 3155 2864 3243 quidem,

680 3269 750 3319 at
792 3276 924 3321 non
965 3255 1231 3324 infelici
1274 3257 1553 3346 labore,
1603 3278 1677 3325 ut
1724 3259 2030 3326 Clemens
2071 3258 2262 3325 Vm.
2319 3257 2524 3323 fidem
2579 3253 2747 3322 facit
2800 3257 2874 3323 in

695 3355 931 3437 Bulla,
974 3382 1103 3448 qua
1153 3362 1345 3429 illum
1389 3361 1786 3435 Sanctorum
1830 3382 2114 3430 numero
2144 3359 2529 3447 adscripsit.
2570 3358 2882 3426 Absolu-

695 3459 1261 3552 tuerregorius
1314 3483 1441 3551 pro
1491 3483 1682 3530 more
1738 3463 1875 3550 jam
1929 3479 2075 3529 tum
2126 3461 2451 3527 Romanis
2506 3457 2868 3548 Episcopis

692 3563 853 3627 satis
896 3568 1149 3631 ussstato
1188 3564 1278 3630 ad
1319 3563 1766 3632 Parisiensem
1814 3565 2149 3653 primum,
2181 3560 2437 3630 deinde
2477 3559 2878 3631 Bononien-

778 3739 839 3819 1)
926 3763 1058 3821 251.
1094 3748 1236 3804 edit.
1280 3749 1472 3806 Paris.
1517 3767 1656 3806 ann.
1699 3719 1873 3827 16¹}·9.

766 3821 835 3893 2)
915 3827 1179 3884 BJhmer.
1219 3829 1321 3884 cit.
1357 3829 1462 3884 loc.
1500 3847 1646 3882 num.
1702 3847 1799 3903 97.

734 3901 835 3984 (3)
918 3904 1050 3962 Vid.
1087 3906 1377 3964 Heinecc.
1418 3908 1658 3963 Hister.
1690 3909 1804 3975 jur.
1839 3905 1941 3962 lib.
1979 3924 2029 3963 2.
2069 3905 2121 3983 §⁴
2159 3908 2257 3983 69.

737 3982 833 4067 (4)
914 3985 1193 4066 Sylburg.
1232 3989 1311 4045 ad
1339 3986 1623 4047 Heinecc.
1662 3985 1768 4046 loc..
1806 3989 1908 4044 cit.
