<?xml version="1.0" encoding="UTF-8"?>
<!DOCTYPE html PUBLIC "-//W3C//DTD XHTML 1.0 Transitional//EN"
    "http://www.w3.org/TR/xhtml1/DTD/xhtml1-transitional.dtd">
<html xmlns="http://www.w3.org/1999/xhtml" xml:lang="en" lang="en">
 <head>
  <title>
</title>
<meta http-equiv="Content-Type" content="text/html;charset=utf-8" />
  <meta name='ocr-system' content='tesseract 3.04.00' />
  <meta name='ocr-capabilities' content='ocr_page ocr_carea ocr_par ocr_line ocrx_word'/>
</head>
<body>
  <div class='ocr_page' id='page_1' title='image "./praecognitajuri00unkngoog_0135.png"; bbox 0 0 3275 4784; ppageno 0'>
   <div class='ocr_carea' id='block_1_1' title="bbox 1264 244 2621 358">
    <p class='ocr_par' dir='ltr' id='par_1_1' title="bbox 1264 244 2621 358">
     <span class='ocr_line' id='line_1_1' title="bbox 1264 244 2621 358; baseline -0.001 -18"><span class='ocrx_word' id='word_1_1' title='bbox 1264 244 1656 340; x_wconf 62' lang='lat' dir='ltr'>carus·</span> <span class='ocrx_word' id='word_1_2' title='bbox 1757 282 1888 338; x_wconf 73' lang='lat' dir='ltr'>xv.</span> <span class='ocrx_word' id='word_1_3' title='bbox 2484 283 2621 358; x_wconf 82' lang='lat'>115</span> 
     </span>
    </p>
   </div>
   <div class='ocr_carea' id='block_1_2' title="bbox 418 399 2762 1645">
    <p class='ocr_par' dir='ltr' id='par_1_2' title="bbox 418 399 2762 1422">
     <span class='ocr_line' id='line_1_2' title="bbox 453 399 2661 498; baseline 0.002 -24"><span class='ocrx_word' id='word_1_4' title='bbox 453 419 674 475; x_wconf 77' lang='lat' dir='ltr'>tamen</span> <span class='ocrx_word' id='word_1_5' title='bbox 704 406 826 497; x_wconf 86' lang='lat' dir='ltr'>qui</span> <span class='ocrx_word' id='word_1_6' title='bbox 865 418 1026 474; x_wconf 83' lang='lat' dir='ltr'>ante</span> <span class='ocrx_word' id='word_1_7' title='bbox 1071 402 1473 498; x_wconf 72' lang='lat' dir='ltr'>Gregorium</span> <span class='ocrx_word' id='word_1_8' title='bbox 1515 399 1807 475; x_wconf 86' lang='lat' dir='ltr'>fuerunt</span> <span class='ocrx_word' id='word_1_9' title='bbox 1845 401 2218 475; x_wconf 86' lang='lat' dir='ltr'>Pontifices</span> <span class='ocrx_word' id='word_1_10' title='bbox 2245 453 2269 492; x_wconf 92' lang='lat'>,</span> <span class='ocrx_word' id='word_1_11' title='bbox 2308 407 2661 480; x_wconf 84' lang='lat' dir='ltr'>simoniam</span> 
     </span>
     <span class='ocr_line' id='line_1_3' title="bbox 418 506 2660 603; baseline 0.003 -27"><span class='ocrx_word' id='word_1_12' title='bbox 418 512 419 515; x_wconf 75' lang='grc'>’</span> <span class='ocrx_word' id='word_1_13' title='bbox 453 507 811 577; x_wconf 84' lang='lat' dir='ltr'>damnasse</span> <span class='ocrx_word' id='word_1_14' title='bbox 879 510 1205 578; x_wconf 84' lang='lat' dir='ltr'>contenti</span> <span class='ocrx_word' id='word_1_15' title='bbox 1233 559 1257 599; x_wconf 93' lang='lat'>,</span> <span class='ocrx_word' id='word_1_16' title='bbox 1320 506 1803 603; x_wconf 65' lang='lat' dir='ltr'>investituram</span> <span class='ocrx_word' id='word_1_17' title='bbox 1840 508 2168 577; x_wconf 85' lang='lat' dir='ltr'>intactam</span> <span class='ocrx_word' id='word_1_18' title='bbox 2211 510 2660 601; x_wconf 86' lang='lat' dir='ltr'>reliquerunt.</span> 
     </span>
     <span class='ocr_line' id='line_1_4' title="bbox 453 608 2661 702; baseline 0.002 -23"><span class='ocrx_word' id='word_1_19' title='bbox 453 608 722 701; x_wconf 81' lang='lat' dir='ltr'>Gregor</span> <span class='ocrx_word' id='word_1_20' title='bbox 741 611 851 679; x_wconf 81' lang='lat' dir='ltr'>ius</span> <span class='ocrx_word' id='word_1_21' title='bbox 889 628 1059 682; x_wconf 84' lang='lat' dir='ltr'>vero</span> <span class='ocrx_word' id='word_1_22' title='bbox 1099 630 1239 680; x_wconf 91' lang='lat' dir='ltr'>rem</span> <span class='ocrx_word' id='word_1_23' title='bbox 1275 611 1575 680; x_wconf 80' lang='lat' dir='ltr'>validius</span> <span class='ocrx_word' id='word_1_24' title='bbox 1610 611 1951 702; x_wconf 84' lang='lat' dir='ltr'><strong>agendam</strong></span> <span class='ocrx_word' id='word_1_25' title='bbox 1992 627 2181 680; x_wconf 89' lang='lat' dir='ltr'>ratus</span> <span class='ocrx_word' id='word_1_26' title='bbox 2217 613 2291 680; x_wconf 92' lang='lat' dir='ltr'>in</span> <span class='ocrx_word' id='word_1_27' title='bbox 2338 609 2661 684; x_wconf 84' lang='lat' dir='ltr'>Concilio</span> 
     </span>
     <span class='ocr_line' id='line_1_5' title="bbox 449 709 2662 807; baseline 0.003 -26"><span class='ocrx_word' id='word_1_28' title='bbox 449 711 768 782; x_wconf 89' lang='lat' dir='ltr'>Romano</span> <span class='ocrx_word' id='word_1_29' title='bbox 809 734 970 783; x_wconf 85' lang='lat' dir='ltr'>ann.</span> <span class='ocrx_word' id='word_1_30' title='bbox 1025 733 1248 803; x_wconf 86' lang='lat'>1075.</span> <span class='ocrx_word' id='word_1_31' title='bbox 1279 715 1578 807; x_wconf 89' lang='lat' dir='ltr'>primum</span> <span class='ocrx_word' id='word_1_32' title='bbox 1610 713 1894 804; x_wconf 89' lang='lat' dir='ltr'>quidem</span> <span class='ocrx_word' id='word_1_33' title='bbox 1922 709 2297 784; x_wconf 85' lang='lat' dir='ltr'>familiares</span> <span class='ocrx_word' id='word_1_34' title='bbox 2324 716 2662 806; x_wconf 86' lang='lat' dir='ltr'>quosdam</span> 
     </span>
     <span class='ocr_line' id='line_1_6' title="bbox 451 806 2762 915; baseline 0.003 -32"><span class='ocrx_word' id='word_1_35' title='bbox 451 811 781 903; x_wconf 70' lang='lat' dir='ltr'>Caesaris,</span> <span class='ocrx_word' id='word_1_36' title='bbox 817 830 1117 906; x_wconf 86' lang='lat' dir='ltr'>quorum</span> <span class='ocrx_word' id='word_1_37' title='bbox 1146 818 1219 886; x_wconf 93' lang='lat' dir='ltr'>in</span> <span class='ocrx_word' id='word_1_38' title='bbox 1248 816 1633 887; x_wconf 84' lang='lat' dir='ltr'>vendendis</span> <span class='ocrx_word' id='word_1_39' title='bbox 1660 817 2061 886; x_wconf 82' lang='lat' dir='ltr'>sacerdotiis</span> <span class='ocrx_word' id='word_1_40' title='bbox 2102 817 2526 908; x_wconf 89' lang='lat' dir='ltr'>potissimum</span> <span class='ocrx_word' id='word_1_41' title='bbox 2558 824 2660 915; x_wconf 66' lang='lat' dir='ltr'>uti</span> <span class='ocrx_word' id='word_1_42' title='bbox 2753 806 2762 817; x_wconf 43' lang='grc'><em>“</em></span> 
     </span>
     <span class='ocr_line' id='line_1_7' title="bbox 455 917 2657 1015; baseline 0.004 -30"><span class='ocrx_word' id='word_1_43' title='bbox 455 918 761 987; x_wconf 84' lang='lat' dir='ltr'>consiliis</span> <span class='ocrx_word' id='word_1_44' title='bbox 797 918 1213 1010; x_wconf 80' lang='lat' dir='ltr'>dicebatur,</span> <span class='ocrx_word' id='word_1_45' title='bbox 1252 917 1621 989; x_wconf 88' lang='lat' dir='ltr'>nonnullos</span> <span class='ocrx_word' id='word_1_46' title='bbox 1659 935 1988 1010; x_wconf 81' lang='lat' dir='ltr'>praeterea</span> <span class='ocrx_word' id='word_1_47' title='bbox 2029 918 2414 990; x_wconf 83' lang='lat' dir='ltr'>Germaniae</span> <span class='ocrx_word' id='word_1_48' title='bbox 2450 939 2657 1015; x_wconf 86' lang='lat' dir='ltr'>atque</span> 
     </span>
     <span class='ocr_line' id='line_1_8' title="bbox 455 1012 2659 1114; baseline 0.005 -26"><span class='ocrx_word' id='word_1_49' title='bbox 455 1019 679 1089; x_wconf 82' lang='lat' dir='ltr'>Italiae</span> <span class='ocrx_word' id='word_1_50' title='bbox 716 1019 1104 1114; x_wconf 89' lang='lat' dir='ltr'>Episcopos</span> <span class='ocrx_word' id='word_1_51' title='bbox 1144 1018 1189 1092; x_wconf 72' lang='grc' dir='ltr'>ὲ</span> <span class='ocrx_word' id='word_1_52' title='bbox 1226 1012 1714 1094; x_wconf 84' lang='lat' dir='ltr'>communione</span> <span class='ocrx_word' id='word_1_53' title='bbox 1749 1040 2097 1093; x_wconf 88' lang='lat' dir='ltr'>sacrorum</span> <span class='ocrx_word' id='word_1_54' title='bbox 2138 1025 2473 1114; x_wconf 80' lang='lat' dir='ltr'>removit3</span> <span class='ocrx_word' id='word_1_55' title='bbox 2508 1042 2659 1097; x_wconf 84' lang='lat' dir='ltr'>tum</span> 
     </span>
     <span class='ocr_line' id='line_1_9' title="bbox 457 1122 2663 1217; baseline 0.005 -27"><span class='ocrx_word' id='word_1_56' title='bbox 457 1123 614 1213; x_wconf 83' lang='lat' dir='ltr'>lege</span> <span class='ocrx_word' id='word_1_57' title='bbox 652 1141 992 1214; x_wconf 87' lang='lat' dir='ltr'>perpetua</span> <span class='ocrx_word' id='word_1_58' title='bbox 1032 1125 1295 1195; x_wconf 77' lang='lat' dir='ltr'>edixit:</span> <span class='ocrx_word' id='word_1_59' title='bbox 1335 1122 1434 1193; x_wconf 85' lang='lat' dir='ltr'>Ut</span> <span class='ocrx_word' id='word_1_60' title='bbox 1460 1127 1840 1215; x_wconf 82' lang='lat' dir='ltr'>quicumque</span> <span class='ocrx_word' id='word_1_61' title='bbox 1869 1124 2345 1217; x_wconf 80' lang='lat' dir='ltr'>Episcopatum</span> <span class='ocrx_word' id='word_1_62' title='bbox 2373 1129 2484 1197; x_wconf 84' lang='lat' dir='ltr'>vel</span> <span class='ocrx_word' id='word_1_63' title='bbox 2508 1131 2663 1200; x_wconf 74' lang='lat' dir='ltr'>Ab·</span> 
     </span>
     <span class='ocr_line' id='line_1_10' title="bbox 459 1224 2684 1323; baseline 0.005 -31"><span class='ocrx_word' id='word_1_64' title='bbox 459 1224 710 1294; x_wconf 83' lang='lat' dir='ltr'>batiam</span> <span class='ocrx_word' id='word_1_65' title='bbox 760 1224 1158 1319; x_wconf 83' lang='lat' dir='ltr'>conferret,</span> <span class='ocrx_word' id='word_1_66' title='bbox 1218 1229 1330 1299; x_wconf 80' lang='lat' dir='ltr'>vel</span> <span class='ocrx_word' id='word_1_67' title='bbox 1386 1228 1466 1296; x_wconf 86' lang='lat' dir='ltr'>de</span> <span class='ocrx_word' id='word_1_68' title='bbox 1515 1249 1707 1296; x_wconf 83' lang='lat' dir='ltr'>manu</span> <span class='ocrx_word' id='word_1_69' title='bbox 1762 1228 2050 1319; x_wconf 83' lang='lat' dir='ltr'>alicujus</span> <span class='ocrx_word' id='word_1_70' title='bbox 2114 1227 2309 1299; x_wconf 77' lang='lat' dir='ltr'>laicae</span> <span class='ocrx_word' id='word_1_71' title='bbox 2359 1248 2684 1323; x_wconf 51' lang='lat' dir='ltr'>personaex</span> 
     </span>
     <span class='ocr_line' id='line_1_11' title="bbox 465 1327 2342 1422; baseline 0.003 -27"><span class='ocrx_word' id='word_1_72' title='bbox 465 1327 943 1415; x_wconf 81' lang='lat' dir='ltr'>investituram</span> <span class='ocrx_word' id='word_1_73' title='bbox 983 1333 1373 1422; x_wconf 80' lang='lat' dir='ltr'>reciperet,</span> <span class='ocrx_word' id='word_1_74' title='bbox 1421 1328 1857 1400; x_wconf 74' lang='lat' dir='ltr'>anathemate</span> <span class='ocrx_word' id='word_1_75' title='bbox 1896 1333 2342 1422; x_wconf 58' lang='lat' dir='ltr'>plecteretur-s</span> 
     </span>
    </p>

    <p class='ocr_par' dir='ltr' id='par_1_3' title="bbox 486 1429 2661 1554">
     <span class='ocr_line' id='line_1_12' title="bbox 486 1429 2661 1554; baseline 0.005 -56"><span class='ocrx_word' id='word_1_76' title='bbox 486 1480 495 1491; x_wconf 87' lang='lat'><strong><em>.</em></strong></span> <span class='ocrx_word' id='word_1_77' title='bbox 569 1431 824 1503; x_wconf 72' lang='lat' dir='ltr'>Senon.</span> <span class='ocrx_word' id='word_1_78' title='bbox 937 1429 1152 1502; x_wconf 87' lang='lat' dir='ltr'>Conf.</span> <span class='ocrx_word' id='word_1_79' title='bbox 1193 1433 1510 1526; x_wconf 85' lang='lat' dir='ltr'>Pagius</span> <span class='ocrx_word' id='word_1_80' title='bbox 1481 1458 1552 1502; x_wconf 87' lang='lat' dir='ltr'>m</span> <span class='ocrx_word' id='word_1_81' title='bbox 1580 1431 1851 1503; x_wconf 82' lang='lat' dir='ltr'>Critica</span> <span class='ocrx_word' id='word_1_82' title='bbox 1881 1435 1994 1503; x_wconf 84' lang='lat' dir='ltr'>ad</span> <span class='ocrx_word' id='word_1_83' title='bbox 2005 1457 2153 1505; x_wconf 82' lang='lat' dir='ltr'>ann.</span> <span class='ocrx_word' id='word_1_84' title='bbox 2193 1454 2411 1526; x_wconf 86' lang='lat'>1075.</span> <span class='ocrx_word' id='word_1_85' title='bbox 2448 1433 2661 1554; x_wconf 77' lang='lat' dir='ltr'>Catd.</span> 
     </span>
    </p>

    <p class='ocr_par' dir='ltr' id='par_1_4' title="bbox 468 1529 1415 1645">
     <span class='ocr_line' id='line_1_13' title="bbox 468 1529 1415 1645; baseline 0.003 -43"><span class='ocrx_word' id='word_1_86' title='bbox 468 1529 683 1604; x_wconf 91' lang='lat' dir='ltr'>Noris</span> <span class='ocrx_word' id='word_1_87' title='bbox 717 1537 841 1607; x_wconf 80' lang='lat' dir='ltr'>cit.</span> <span class='ocrx_word' id='word_1_88' title='bbox 876 1554 1063 1630; x_wconf 80' lang='lat' dir='ltr'>oper.</span> <span class='ocrx_word' id='word_1_89' title='bbox 1082 1555 1255 1633; x_wconf 83' lang='lat' dir='ltr'>pag.</span> <span class='ocrx_word' id='word_1_90' title='bbox 1292 1557 1415 1645; x_wconf 83' lang='lat'>39.</span> 
     </span>
    </p>
   </div>
   <div class='ocr_carea' id='block_1_3' title="bbox 1295 1746 1855 2056">
    <p class='ocr_par' dir='ltr' id='par_1_5' title="bbox 1295 1746 1855 2056">
     <span class='ocr_line' id='line_1_14' title="bbox 1346 1746 1719 1845; baseline 0.005 -19"><span class='ocrx_word' id='word_1_91' title='bbox 1346 1800 1351 1807; x_wconf 86' lang='grc'>-</span> <span class='ocrx_word' id='word_1_92' title='bbox 1374 1746 1477 1845; x_wconf 90' lang='lat'>5.</span> <span class='ocrx_word' id='word_1_93' title='bbox 1570 1752 1719 1828; x_wconf 84' lang='lat' dir='ltr'>XC.</span> 
     </span>
     <span class='ocr_line' id='line_1_15' title="bbox 1295 1952 1855 2056; baseline -0.004 -25"><span class='ocrx_word' id='word_1_94' title='bbox 1295 1952 1464 2056; x_wconf 73' lang='lat' dir='ltr'>Quo</span> <span class='ocrx_word' id='word_1_95' title='bbox 1526 1969 1847 2040; x_wconf 72' lang='lat' dir='ltr'>eventu.</span> <span class='ocrx_word' id='word_1_96' title='bbox 1820 1955 1855 2012; x_wconf 78' lang='lat'><strong>²</strong></span> 
     </span>
    </p>
   </div>
   <div class='ocr_carea' id='block_1_4' title="bbox 460 2144 2781 4103">
    <p class='ocr_par' dir='ltr' id='par_1_6' title="bbox 460 2144 2781 4103">
     <span class='ocr_line' id='line_1_16' title="bbox 619 2144 2661 2257; baseline 0.003 -31"><span class='ocrx_word' id='word_1_97' title='bbox 619 2154 970 2229; x_wconf 78' lang='lat' dir='ltr'>Sentiebat</span> <span class='ocrx_word' id='word_1_98' title='bbox 1010 2159 1386 2245; x_wconf 78' lang='lat' dir='ltr'>Henricus,</span> <span class='ocrx_word' id='word_1_99' title='bbox 1422 2180 1493 2226; x_wconf 90' lang='lat' dir='ltr'>se</span> <span class='ocrx_word' id='word_1_100' title='bbox 1532 2157 1961 2248; x_wconf 88' lang='lat' dir='ltr'>potissimum</span> <span class='ocrx_word' id='word_1_101' title='bbox 1998 2144 2130 2226; x_wconf 85' lang='lat' dir='ltr'>hoc</span> <span class='ocrx_word' id='word_1_102' title='bbox 2180 2156 2321 2226; x_wconf 91' lang='lat' dir='ltr'>telo</span> <span class='ocrx_word' id='word_1_103' title='bbox 2359 2162 2526 2257; x_wconf 54' lang='lat' dir='ltr'>peti,</span> <span class='ocrx_word' id='word_1_104' title='bbox 2566 2160 2661 2232; x_wconf 88' lang='lat' dir='ltr'>Et</span> 
     </span>
     <span class='ocr_line' id='line_1_17' title="bbox 472 2255 2663 2350; baseline 0.003 -24"><span class='ocrx_word' id='word_1_105' title='bbox 472 2255 529 2326; x_wconf 87' lang='lat' dir='ltr'>is</span> <span class='ocrx_word' id='word_1_106' title='bbox 562 2259 888 2349; x_wconf 83' lang='lat' dir='ltr'>quidem</span> <span class='ocrx_word' id='word_1_107' title='bbox 868 2283 940 2328; x_wconf 73' lang='grc' dir='ltr'>ιιι</span> <span class='ocrx_word' id='word_1_108' title='bbox 971 2258 1477 2328; x_wconf 73' lang='lat' dir='ltr'>venumdandis</span> <span class='ocrx_word' id='word_1_109' title='bbox 1505 2257 2045 2349; x_wconf 84' lang='lat' dir='ltr'>Episcopatibus</span> <span class='ocrx_word' id='word_1_110' title='bbox 2070 2256 2159 2327; x_wconf 89' lang='lat' dir='ltr'>ab</span> <span class='ocrx_word' id='word_1_111' title='bbox 2194 2280 2264 2326; x_wconf 88' lang='lat' dir='ltr'>se</span> <span class='ocrx_word' id='word_1_112' title='bbox 2305 2278 2663 2350; x_wconf 86' lang='lat' dir='ltr'>peccatum</span> 
     </span>
     <span class='ocr_line' id='line_1_18' title="bbox 473 2357 2665 2453; baseline 0.002 -23"><span class='ocrx_word' id='word_1_113' title='bbox 473 2381 610 2430; x_wconf 86' lang='lat' dir='ltr'>esse</span> <span class='ocrx_word' id='word_1_114' title='bbox 650 2382 789 2430; x_wconf 88' lang='lat' dir='ltr'>non</span> <span class='ocrx_word' id='word_1_115' title='bbox 834 2363 1156 2453; x_wconf 86' lang='lat' dir='ltr'>negabat.</span> <span class='ocrx_word' id='word_1_116' title='bbox 1196 2360 1591 2453; x_wconf 85' lang='lat' dir='ltr'>Spondebat</span> <span class='ocrx_word' id='word_1_117' title='bbox 1632 2363 1882 2451; x_wconf 78' lang='lat' dir='ltr'>etiam,</span> <span class='ocrx_word' id='word_1_118' title='bbox 1921 2357 2118 2450; x_wconf 89' lang='lat' dir='ltr'>fore,</span> <span class='ocrx_word' id='word_1_119' title='bbox 2144 2377 2224 2428; x_wconf 89' lang='lat' dir='ltr'>ut</span> <span class='ocrx_word' id='word_1_120' title='bbox 2251 2359 2383 2431; x_wconf 91' lang='lat' dir='ltr'>hoc</span> <span class='ocrx_word' id='word_1_121' title='bbox 2412 2364 2665 2435; x_wconf 83' lang='lat' dir='ltr'>vitium</span> 
     </span>
     <span class='ocr_line' id='line_1_19' title="bbox 471 2462 2666 2557; baseline 0.003 -26"><span class='ocrx_word' id='word_1_122' title='bbox 471 2484 556 2532; x_wconf 83' lang='lat' dir='ltr'>ex</span> <span class='ocrx_word' id='word_1_123' title='bbox 595 2466 758 2535; x_wconf 83' lang='lat' dir='ltr'>aula</span> <span class='ocrx_word' id='word_1_124' title='bbox 797 2487 920 2533; x_wconf 86' lang='lat' dir='ltr'>sua</span> <span class='ocrx_word' id='word_1_125' title='bbox 959 2479 1204 2535; x_wconf 80' lang='lat' dir='ltr'>exesse·</span> <span class='ocrx_word' id='word_1_126' title='bbox 1222 2465 1636 2557; x_wconf 83' lang='lat' dir='ltr'>juberetur:</span> <span class='ocrx_word' id='word_1_127' title='bbox 1677 2462 1800 2532; x_wconf 87' lang='lat' dir='ltr'>sed</span> <span class='ocrx_word' id='word_1_128' title='bbox 1840 2480 2249 2555; x_wconf 86' lang='lat' dir='ltr'>potestatem</span> <span class='ocrx_word' id='word_1_129' title='bbox 2288 2464 2666 2537; x_wconf 86' lang='lat' dir='ltr'>conferen-</span> 
     </span>
     <span class='ocr_line' id='line_1_20' title="bbox 474 2565 2664 2660; baseline 0.004 -27"><span class='ocrx_word' id='word_1_130' title='bbox 474 2565 545 2634; x_wconf 91' lang='lat' dir='ltr'>di</span> <span class='ocrx_word' id='word_1_131' title='bbox 585 2569 1032 2658; x_wconf 82' lang='lat' dir='ltr'>praelaturas,</span> <span class='ocrx_word' id='word_1_132' title='bbox 1070 2585 1143 2638; x_wconf 85' lang='lat' dir='ltr'>et</span> <span class='ocrx_word' id='word_1_133' title='bbox 1173 2569 1479 2660; x_wconf 84' lang='lat' dir='ltr'>junctam</span> <span class='ocrx_word' id='word_1_134' title='bbox 1523 2565 1689 2637; x_wconf 90' lang='lat' dir='ltr'>huic</span> <span class='ocrx_word' id='word_1_135' title='bbox 1725 2569 2047 2658; x_wconf 87' lang='lat' dir='ltr'>potestati</span> <span class='ocrx_word' id='word_1_136' title='bbox 2089 2568 2569 2641; x_wconf 82' lang='lat' dir='ltr'>investituram</span> <span class='ocrx_word' id='word_1_137' title='bbox 2620 2569 2664 2642; x_wconf 71' lang='grc' dir='ltr'>ὲ</span> 
     </span>
     <span class='ocr_line' id='line_1_21' title="bbox 479 2667 2670 2764; baseline 0.003 -26"><span class='ocrx_word' id='word_1_138' title='bbox 479 2667 860 2764; x_wconf 79' lang='lat' dir='ltr'>MaJoribus</span> <span class='ocrx_word' id='word_1_139' title='bbox 896 2670 987 2740; x_wconf 90' lang='lat' dir='ltr'>ad</span> <span class='ocrx_word' id='word_1_140' title='bbox 1026 2695 1098 2741; x_wconf 86' lang='lat' dir='ltr'>se</span> <span class='ocrx_word' id='word_1_141' title='bbox 1137 2674 1588 2742; x_wconf 83' lang='lat' dir='ltr'>transmissam</span> <span class='ocrx_word' id='word_1_142' title='bbox 1630 2688 1712 2741; x_wconf 89' lang='lat' dir='ltr'>ut</span> <span class='ocrx_word' id='word_1_143' title='bbox 1740 2670 2160 2760; x_wconf 79' lang='lat' dir='ltr'>dimitteret,</span> <span class='ocrx_word' id='word_1_144' title='bbox 2189 2672 2382 2740; x_wconf 83' lang='lat' dir='ltr'>nullo</span> <span class='ocrx_word' id='word_1_145' title='bbox 2422 2695 2491 2742; x_wconf 84' lang='lat' dir='ltr'>se</span> <span class='ocrx_word' id='word_1_146' title='bbox 2520 2695 2670 2745; x_wconf 86' lang='lat' dir='ltr'>mo-</span> 
     </span>
     <span class='ocr_line' id='line_1_22' title="bbox 476 2769 2668 2869; baseline 0.002 -30"><span class='ocrx_word' id='word_1_147' title='bbox 476 2769 569 2842; x_wconf 90' lang='lat' dir='ltr'>do</span> <span class='ocrx_word' id='word_1_148' title='bbox 605 2773 838 2844; x_wconf 89' lang='lat' dir='ltr'>induci</span> <span class='ocrx_word' id='word_1_149' title='bbox 881 2796 1114 2867; x_wconf 89' lang='lat' dir='ltr'>passus</span> <span class='ocrx_word' id='word_1_150' title='bbox 1153 2792 1279 2844; x_wconf 88' lang='lat' dir='ltr'>est.</span> <span class='ocrx_word' id='word_1_151' title='bbox 1317 2773 1733 2867; x_wconf 75' lang='lat' dir='ltr'>Gregorius,</span> <span class='ocrx_word' id='word_1_152' title='bbox 1759 2776 1879 2864; x_wconf 88' lang='lat' dir='ltr'>qui</span> <span class='ocrx_word' id='word_1_153' title='bbox 1922 2796 2055 2844; x_wconf 90' lang='lat' dir='ltr'>non</span> <span class='ocrx_word' id='word_1_154' title='bbox 2100 2775 2471 2864; x_wconf 83' lang='lat' dir='ltr'>ignorabat</span> <span class='ocrx_word' id='word_1_155' title='bbox 2508 2784 2668 2869; x_wconf 82' lang='lat' dir='ltr'>per-</span> 
     </span>
     <span class='ocr_line' id='line_1_23' title="bbox 474 2866 2669 2973; baseline 0.003 -31"><span class='ocrx_word' id='word_1_156' title='bbox 474 2876 729 2955; x_wconf 87' lang='lat' dir='ltr'>multos</span> <span class='ocrx_word' id='word_1_157' title='bbox 762 2900 911 2947; x_wconf 86' lang='lat' dir='ltr'>esse</span> <span class='ocrx_word' id='word_1_158' title='bbox 964 2877 1351 2949; x_wconf 83' lang='lat' dir='ltr'>Germaniae</span> <span class='ocrx_word' id='word_1_159' title='bbox 1389 2866 1802 2970; x_wconf 85' lang='lat' dir='ltr'>Principes,</span> <span class='ocrx_word' id='word_1_160' title='bbox 1851 2898 2008 2946; x_wconf 88' lang='lat' dir='ltr'>cum</span> <span class='ocrx_word' id='word_1_161' title='bbox 2060 2877 2295 2973; x_wconf 82' lang='lat' dir='ltr'>primis</span> <span class='ocrx_word' id='word_1_162' title='bbox 2341 2875 2669 2968; x_wconf 82' lang='lat' dir='ltr'>Saxones,</span> 
     </span>
     <span class='ocr_line' id='line_1_24' title="bbox 485 2977 2668 3072; baseline 0.003 -28"><span class='ocrx_word' id='word_1_163' title='bbox 485 2977 792 3069; x_wconf 86' lang='lat' dir='ltr'>Henrico</span> <span class='ocrx_word' id='word_1_164' title='bbox 845 2998 1083 3069; x_wconf 84' lang='lat' dir='ltr'>parum</span> <span class='ocrx_word' id='word_1_165' title='bbox 1133 2979 1485 3068; x_wconf 81' lang='lat' dir='ltr'>faventes,</span> <span class='ocrx_word' id='word_1_166' title='bbox 1548 2982 2101 3072; x_wconf 89' lang='lat' dir='ltr'>percommodam</span> <span class='ocrx_word' id='word_1_167' title='bbox 2152 2980 2311 3049; x_wconf 90' lang='lat' dir='ltr'>hinc</span> <span class='ocrx_word' id='word_1_168' title='bbox 2364 2982 2668 3052; x_wconf 83' lang='lat' dir='ltr'>oblatam</span> 
     </span>
     <span class='ocr_line' id='line_1_25' title="bbox 477 3076 2670 3176; baseline 0.004 -31"><span class='ocrx_word' id='word_1_169' title='bbox 477 3076 611 3147; x_wconf 87' lang='lat' dir='ltr'>sibi</span> <span class='ocrx_word' id='word_1_170' title='bbox 634 3096 894 3171; x_wconf 90' lang='lat' dir='ltr'>putans</span> <span class='ocrx_word' id='word_1_171' title='bbox 932 3086 1360 3155; x_wconf 86' lang='lat' dir='ltr'>occasionem</span> <span class='ocrx_word' id='word_1_172' title='bbox 1402 3084 1741 3176; x_wconf 84' lang='lat' dir='ltr'>augendae</span> <span class='ocrx_word' id='word_1_173' title='bbox 1779 3083 2158 3151; x_wconf 85' lang='lat' dir='ltr'>Pontificiae</span> <span class='ocrx_word' id='word_1_174' title='bbox 2210 3088 2670 3175; x_wconf 85' lang='lat' dir='ltr'>auctoritatis,</span> 
     </span>
     <span class='ocr_line' id='line_1_26' title="bbox 473 3180 2664 3276; baseline 0.003 -27"><span class='ocrx_word' id='word_1_175' title='bbox 473 3180 965 3274; x_wconf 86' lang='lat' dir='ltr'>Imperatorem</span> <span class='ocrx_word' id='word_1_176' title='bbox 990 3208 1174 3258; x_wconf 86' lang='lat' dir='ltr'>novo</span> <span class='ocrx_word' id='word_1_177' title='bbox 1203 3204 1411 3274; x_wconf 84' lang='lat' dir='ltr'>ausu,</span> <span class='ocrx_word' id='word_1_178' title='bbox 1449 3204 1572 3275; x_wconf 84' lang='lat' dir='ltr'>per</span> <span class='ocrx_word' id='word_1_179' title='bbox 1598 3185 1906 3276; x_wconf 85' lang='lat' dir='ltr'>legatos,</span> <span class='ocrx_word' id='word_1_180' title='bbox 1940 3183 2232 3253; x_wconf 89' lang='lat' dir='ltr'>Romam</span> <span class='ocrx_word' id='word_1_181' title='bbox 2272 3186 2361 3250; x_wconf 89' lang='lat' dir='ltr'>ad</span> <span class='ocrx_word' id='word_1_182' title='bbox 2400 3205 2664 3256; x_wconf 86' lang='lat' dir='ltr'>certum</span> 
     </span>
     <span class='ocr_line' id='line_1_27' title="bbox 481 3278 2668 3378; baseline 0.003 -26"><span class='ocrx_word' id='word_1_183' title='bbox 481 3278 662 3356; x_wconf 81' lang='lat' dir='ltr'>diem</span> <span class='ocrx_word' id='word_1_184' title='bbox 702 3305 991 3378; x_wconf 84' lang='lat' dir='ltr'>evocat,</span> <span class='ocrx_word' id='word_1_185' title='bbox 1028 3307 1110 3360; x_wconf 92' lang='lat' dir='ltr'>ut</span> <span class='ocrx_word' id='word_1_186' title='bbox 1146 3292 1219 3361; x_wconf 90' lang='lat' dir='ltr'>in</span> <span class='ocrx_word' id='word_1_187' title='bbox 1256 3290 1557 3361; x_wconf 89' lang='lat' dir='ltr'>concilio</span> <span class='ocrx_word' id='word_1_188' title='bbox 1592 3285 1684 3356; x_wconf 87' lang='lat' dir='ltr'>de</span> <span class='ocrx_word' id='word_1_189' title='bbox 1722 3284 2161 3376; x_wconf 85' lang='lat' dir='ltr'>criminibus,</span> <span class='ocrx_word' id='word_1_190' title='bbox 2187 3306 2479 3376; x_wconf 88' lang='lat' dir='ltr'>quorum</span> <span class='ocrx_word' id='word_1_191' title='bbox 2511 3308 2668 3357; x_wconf 86' lang='lat' dir='ltr'>reus</span> 
     </span>
     <span class='ocr_line' id='line_1_28' title="bbox 476 3388 2669 3480; baseline 0.003 -25"><span class='ocrx_word' id='word_1_192' title='bbox 476 3406 854 3480; x_wconf 81' lang='lat' dir='ltr'>ageretur,</span> <span class='ocrx_word' id='word_1_193' title='bbox 903 3390 1177 3463; x_wconf 80' lang='lat' dir='ltr'>causam</span> <span class='ocrx_word' id='word_1_194' title='bbox 1230 3394 1519 3472; x_wconf 85' lang='lat' dir='ltr'>diceret.</span> <span class='ocrx_word' id='word_1_195' title='bbox 1571 3390 1737 3477; x_wconf 87' lang='lat' dir='ltr'>Quo</span> <span class='ocrx_word' id='word_1_196' title='bbox 1793 3389 2118 3459; x_wconf 85' lang='lat' dir='ltr'>mandato</span> <span class='ocrx_word' id='word_1_197' title='bbox 2170 3388 2549 3479; x_wconf 77' lang='lat' dir='ltr'>Henricus,</span> <span class='ocrx_word' id='word_1_198' title='bbox 2589 3408 2669 3462; x_wconf 88' lang='lat' dir='ltr'>ut</span> 
     </span>
     <span class='ocr_line' id='line_1_29' title="bbox 460 3490 2669 3587; baseline 0.002 -28"><span class='ocrx_word' id='word_1_199' title='bbox 460 3498 629 3562; x_wconf 63' lang='lat' dir='ltr'>&#39;brat</span> <span class='ocrx_word' id='word_1_200' title='bbox 651 3494 975 3586; x_wconf 86' lang='lat' dir='ltr'>Princeps</span> <span class='ocrx_word' id='word_1_201' title='bbox 1004 3490 1421 3587; x_wconf 84' lang='lat' dir='ltr'>perfervidae</span> <span class='ocrx_word' id='word_1_202' title='bbox 1462 3495 1752 3586; x_wconf 88' lang='lat' dir='ltr'>indolis,</span> <span class='ocrx_word' id='word_1_203' title='bbox 1793 3493 2236 3565; x_wconf 85' lang='lat' dir='ltr'>vehementer</span> <span class='ocrx_word' id='word_1_204' title='bbox 2262 3511 2669 3585; x_wconf 76' lang='lat' dir='ltr'>commotuS,</span> 
     </span>
     <span class='ocr_line' id='line_1_30' title="bbox 480 3596 2669 3701; baseline 0.002 -39"><span class='ocrx_word' id='word_1_205' title='bbox 480 3612 745 3666; x_wconf 82' lang='lat' dir='ltr'>coacto</span> <span class='ocrx_word' id='word_1_206' title='bbox 796 3599 1209 3668; x_wconf 88' lang='lat' dir='ltr'>Wormatiae</span> <span class='ocrx_word' id='word_1_207' title='bbox 1271 3596 1772 3701; x_wconf 84' lang='lat' dir='ltr'>Episcoporum</span> <span class='ocrx_word' id='word_1_208' title='bbox 1854 3596 2243 3668; x_wconf 83' lang='lat' dir='ltr'>Germaniae</span> <span class='ocrx_word' id='word_1_209' title='bbox 2316 3615 2669 3668; x_wconf 84' lang='lat' dir='ltr'>conventu</span> 
     </span>
     <span class='ocr_line' id='line_1_31' title="bbox 480 3694 2669 3792; baseline 0.003 -28"><span class='ocrx_word' id='word_1_210' title='bbox 480 3694 886 3792; x_wconf 84' lang='lat' dir='ltr'>Gregorium</span> <span class='ocrx_word' id='word_1_211' title='bbox 913 3702 1004 3771; x_wconf 87' lang='lat' dir='ltr'>de</span> <span class='ocrx_word' id='word_1_212' title='bbox 1044 3705 1276 3773; x_wconf 88' lang='lat' dir='ltr'>multis</span> <span class='ocrx_word' id='word_1_213' title='bbox 1302 3702 1574 3772; x_wconf 80' lang='lat' dir='ltr'>delictis</span> <span class='ocrx_word' id='word_1_214' title='bbox 1601 3714 1995 3771; x_wconf 89' lang='lat' dir='ltr'>accusatum</span> <span class='ocrx_word' id='word_1_215' title='bbox 2022 3700 2390 3771; x_wconf 84' lang='lat' dir='ltr'>Pontificio</span> <span class='ocrx_word' id='word_1_216' title='bbox 2419 3722 2669 3771; x_wconf 83' lang='lat' dir='ltr'>mune-</span> 
     </span>
     <span class='ocr_line' id='line_1_32' title="bbox 485 3802 2669 3924; baseline 0.001 -57"><span class='ocrx_word' id='word_1_217' title='bbox 485 3819 558 3868; x_wconf 87' lang='lat' dir='ltr'>re</span> <span class='ocrx_word' id='word_1_218' title='bbox 595 3802 961 3924; x_wconf 79' lang='lat' dir='ltr'>indignum</span> <span class='ocrx_word' id='word_1_219' title='bbox 1014 3807 1514 3896; x_wconf 80' lang='lat' dir='ltr'>pronuntiavit.</span> <span class='ocrx_word' id='word_1_220' title='bbox 1552 3804 1927 3898; x_wconf 80' lang='lat' dir='ltr'>Gregorius</span> <span class='ocrx_word' id='word_1_221' title='bbox 1967 3805 2263 3874; x_wconf 86' lang='lat' dir='ltr'>vicissim</span> <span class='ocrx_word' id='word_1_222' title='bbox 2292 3803 2529 3895; x_wconf 86' lang='lat' dir='ltr'>,quid</span> <span class='ocrx_word' id='word_1_223' title='bbox 2578 3802 2669 3870; x_wconf 89' lang='lat' dir='ltr'>de</span> 
     </span>
     <span class='ocr_line' id='line_1_33' title="bbox 483 3905 2673 4000; baseline -0 -31"><span class='ocrx_word' id='word_1_224' title='bbox 483 3923 556 3970; x_wconf 91' lang='lat' dir='ltr'>se</span> <span class='ocrx_word' id='word_1_225' title='bbox 594 3924 827 3976; x_wconf 82' lang='lat' dir='ltr'>actum</span> <span class='ocrx_word' id='word_1_226' title='bbox 873 3909 969 3976; x_wconf 89' lang='lat' dir='ltr'>sit</span> <span class='ocrx_word' id='word_1_227' title='bbox 1006 3910 1081 3977; x_wconf 90' lang='lat' dir='ltr'>in</span> <span class='ocrx_word' id='word_1_228' title='bbox 1121 3907 1546 3999; x_wconf 85' lang='lat' dir='ltr'>Germania,</span> <span class='ocrx_word' id='word_1_229' title='bbox 1607 3929 1734 4000; x_wconf 90' lang='lat' dir='ltr'>per</span> <span class='ocrx_word' id='word_1_230' title='bbox 1783 3910 2059 3980; x_wconf 89' lang='lat' dir='ltr'>nuntios</span> <span class='ocrx_word' id='word_1_231' title='bbox 2112 3905 2366 3981; x_wconf 87' lang='lat' dir='ltr'>factus</span> <span class='ocrx_word' id='word_1_232' title='bbox 2389 3905 2673 3988; x_wconf 76' lang='lat' dir='ltr'>certior,</span> 
     </span>
     <span class='ocr_line' id='line_1_34' title="bbox 481 4003 2781 4103; baseline -0.001 -28"><span class='ocrx_word' id='word_1_233' title='bbox 481 4003 748 4100; x_wconf 86' lang='lat' dir='ltr'>Regem</span> <span class='ocrx_word' id='word_1_234' title='bbox 787 4017 1010 4103; x_wconf 82' lang='lat' dir='ltr'>regno</span> <span class='ocrx_word' id='word_1_235' title='bbox 1047 4013 1249 4083; x_wconf 90' lang='lat' dir='ltr'>simul</span> <span class='ocrx_word' id='word_1_236' title='bbox 1289 4033 1368 4083; x_wconf 88' lang='lat' dir='ltr'>ac</span> <span class='ocrx_word' id='word_1_237' title='bbox 1403 4013 1609 4082; x_wconf 88' lang='lat' dir='ltr'>sacris</span> <span class='ocrx_word' id='word_1_238' title='bbox 1632 4012 1998 4083; x_wconf 82' lang='lat' dir='ltr'>interdixit</span> <span class='ocrx_word' id='word_1_239' title='bbox 2021 4011 2371 4101; x_wconf 83' lang='lat' dir='ltr'>,jurisque</span> <span class='ocrx_word' id='word_1_240' title='bbox 2391 4005 2675 4098; x_wconf 83' lang='lat' dir='ltr'>jurandi</span> <span class='ocrx_word' id='word_1_241' title='bbox 2775 4090 2781 4096; x_wconf 14' lang='grc' dir='ltr'><strong>ἡ</strong></span> 
     </span>
    </p>
   </div>
  </div>
 </body>
</html>
