3275 4784
617 101 802 198 ⁴1²34
1408 116 1789 169 sssctrro
1888 119 1997 170 υ.

590 245 679 318 ab
716 245 856 312 illis
913 241 1074 310 elata
1115 230 1413 308 humana
1462 255 1622 308 sunt
1651 289 1674 326 ,
1724 238 2178 311 non,.divina.
2221 238 2326 309 Ac
2364 251 2448 310 ne
2501 241 2781 333 quidem

587 348 930 433 mediate,
992 344 1182 434 quod
1250 346 1470 410 visum
1530 360 1629 411 est
1686 344 2031 412 nonnullis
2085 344 2382 412 levicula
2429 364 2500 413 et
2537 370 2778 437 parum

565 450 1048 524 concludente
1088 449 1378 515 ratione.
1417 445 1587 513 Vid.
1631 445 1802 512 Lud.
1844 444 2272 514 Thomasinus
2301 466 2495 537 part.
2540 475 2608 519 2.
2652 457 2772 525 lib.

594 575 659 619 1.
714 571 857 642 cap.
916 551 1034 637 83.
1077 554 1136 633 ἕ.
1184 571 1251 618 2.
1303 566 1371 618 et
1413 548 1659 617 Berth.
1698 549 1907 641 Vogl.
1961 549 2030 617 in
2058 551 2333 643 proleg.
2386 555 2478 621 ad
2533 554 2771 629 Theol.

573 654 888 748 dogmat.
921 671 1109 744 part.
1162 676 1225 720 1.
1261 672 1423 743 cap.
1453 674 1519 739 3.
1562 656 1621 737 §.
1675 674 1789 721 10.

569 799 574 807 ι
683 756 867 826 CoR.
909 758 968 825 Ι.
1079 756 1190 824 Ex
1232 778 1372 846 quo
1411 757 1739 845 intelligi
1764 757 1942 825 ratio
1991 772 2216 847 potest
2247 807 2271 847 ,
2308 780 2446 848 qua
2504 755 2764 835 factum

577 862 664 928 sit
694 913 714 949 ,
756 879 833 930 ut
873 863 1290 929 electionum
1330 881 1678 928 sacrarum
1733 856 2024 929 formam
2078 861 2395 950 exemplo
2443 861 2765 936 Matthiae

571 965 981 1038 illustratam
1012 1015 1034 1053 ,
1076 963 1561 1032 abstinentiam
1582 960 1632 1030 {t
1670 966 2008 1054 sanguine
2045 981 2114 1032 et
2155 963 2533 1053 suffocate,
2577 970 2770 1059 Aga-

560 1089 719 1157 paS,
761 1069 1126 1138 mulierum
1166 1070 1236 1135 in
1278 1068 1549 1157 templis
1589 1068 2051 1156 velationem,
2087 1067 2363 1157 aliaque
2405 1073 2756 1159 complura

557 1168 672 1243 his
713 1172 963 1240 similia
1003 1171 1497 1261 Apostolorum
1554 1170 1875 1237 instituta
1928 1171 2041 1239 vel
2097 1169 2362 1239 oblivio
2400 1172 2765 1263 deleverit,

564 1276 679 1344 vel
721 1278 838 1343 alii
881 1275 1129 1343 adsciti
1173 1276 1343 1341 ritus
1384 1294 1744 1362 moresque
1785 1273 1939 1341 loco
1977 1295 2100 1344 suo
2143 1294 2301 1358 mov
2309 1275 2514 1343 erint.
2538 1274 2763 1345 Conf.

564 1377 834 1446 Auctor
860 1382 1086 1468 princ.
1116 1377 1262 1467 jur.
1293 1376 1482 1467 publ.
1528 1375 1718 1444 Eccl.
1762 1378 1886 1443 loc.
1930 1376 2058 1444 cit.
2097 1380 2161 1461 ς.
2213 1377 2326 1443 18.
2369 1399 2548 1467 seqq.

672 1478 856 1549 CoR.
892 1481 989 1550 II.
1098 1480 1313 1563 Quod
1352 1482 1454 1548 ait
1487 1480 1678 1548 Lud.
1721 1477 1952 1569 Engel
1992 1481 2186 1547 titul.
2243 1480 2323 1546 de
2375 1483 2646 1550 constit.
2689 1508 2756 1552 n.

568 1579 638 1650 6.
677 1586 806 1651 illa
837 1602 1096 1653 tantum
1132 1586 1204 1649 in
1232 1581 1543 1671 epistolis
1582 1606 1660 1650 ac
1701 1572 1945 1649 ceter'is
1973 1582 2448 1671 Apostolorum
2483 1586 2757 1676 scriptis

566 1687 786 1754 divini
823 1709 958 1753 esse
987 1685 1220 1774 juris,
1249 1687 1617 1775 quaevtalia
1670 1706 1840 1751 esse·
1873 1707 1958 1751 ex
2011 1685 2233 1753 verbis
2287 1686 2757 1778 Apostolorum

556 1782 973 1872 sufficienter
1009 1789 1252 1879 colligi
1282 1802 1514 1878 potest
1546 1838 1571 1874 ,
1622 1808 1759 1856 non
1815 1787 2058 1877 probO.
2115 1787 2302 1855 Mihi
2371 1806 2611 1859 contra
2661 1794 2759 1859 sic

563 1890 1376 1961 videtur-statuendum:
1419 1893 1586 1981 ¹Qua>
1638 1892 1712 1959 in
1764 1890 1874 1960 his
1925 1892 2202 1982 scriptis
2244 1893 2581 1961 canonicis·
2614 1917 2758 1963 con-

563 1995 857 2063 titentur
918 1997 1238 2088 dogmata
1278 2017 1355 2064 ac
1407 2012 1751 2086 praecepta
1784 2046 1805 2082 ,
1860 2011 2095 2062 cuncta
2127 2014 2254 2085 pro
2319 1997 2570 2065 divinis
2626 1997 2758 2066 ha*-

563 2096 766 2166 henda
822 2122 959 2168 esse
989 2150 1011 2188 ,
1052 2102 1185 2168 nisi
1226 2122 1311 2167 ex
1363 2098 1688 2187 Verbis,
1716 2122 1802 2167 ex
1853 2098 2154 2167 Materia
2221 2096 2535 2188 Subjecta
2565 2150 2587 2189 ,
2635 2117 2758 2171 aut

561 2224 646 2269 ex
706 2200 856 2273 Usu
918 2202 1247 2273 Ecclesiae
1301 2203 1680 2278 ,luculenter
1739 2218 2105 2293 appareat,
2154 2219 2557 2292 praeceptum
2617 2213 2758 2272 esse

558 2306 675 2373 vel
722 2308 1063 2375 consilium
1129 2331 1250 2375 non
1315 2304 1573 2373 Christi
1645 2307 1894 2394 ipsius,
1960 2307 2078 2372 sed
2128 2307 2491 2395 Apostoli:
2554 2307 2757 2396 quale

559 2408 737 2476 illud
781 2413 849 2477 in
889 2410 1180 2497 epistola
1215 2408 1303 2473 ad
1354 2405 1760 2475 Corinthios
1797 2424 1942 2493 cap.
1985 2408 2139 2472 VII.
2180 2431 2249 2474 v.
2297 2430 2418 2493 25.
2464 2409 2583 2476 De·
2613 2412 2760 2478 vir·

553 2510 830 2601 ginibus
862 2525 1266 2601 praeceptum
1308 2508 1580 2578 Domini
1629 2530 1750 2575 non
1804 2508 2063 2597 habeO,
2127 2510 2466 2581 consiliam
2533 2529 2757 2580 autem

559 2614 664 2679 da.
706 2613 842 2681 Hic
884 2628 1113 2682 autem
1153 2634 1321 2680 cave
1365 2607 1619 2681 referas
1674 2611 1852 2679 illud
1913 2612 2001 2679 ad
2044 2610 2305 2701 Ephes.
2360 2631 2504 2701 cap.
2547 2616 2636 2681 V.
2687 2638 2758 2683 v.

572 2735 689 2799 32.
762 2716 1255 2783 Sacramentum
1321 2713 1441 2782 hoc
1506 2736 1806 2805 maguum
1871 2730 1996 2782 est.
2066 2714 2222 2805 Ego
2287 2732 2506 2783 autem
2572 2718 2762 2808 dico,

568 2821 637 2884 in
693 2817 976 2889 Christo
1012 2834 1082 2887 et
1132 2816 1466 2887 Ecclesia.

1432 3044 1530 3126 §s
1598 2989 1885 3109 CXLV.
1991 3140 1995 3146 ⁸

1096 3240 1292 3338 Qua?
1370 3242 1624 3314 versio
1713 3236 2215 3352 authentica?

724 3443 1206 3531 Primigeniam
1246 3461 1591 3509 sacrorum
1635 3439 1968 3508 librorum
2025 3437 2531 3527 linguam-satis
2571 3438 2751 3507 inter

563 3545 872 3636 eruditos
921 3562 1187 3612 constat
1218 3594 1238 3629 ,
1304 3544 1652 3612 Hebraeam
1703 3564 1844 3610 esse
1879 3592 1900 3629 ,
1939 3541 2284 3632 Syriacam
2313 3589 2338 3627 ,
2399 3558 2517 3608 aut
2557 3540 2750 3608 Grae-

563 3671 700 3716 cam
739 3637 876 3741 (1).
920 3646 1051 3713 Sed
1092 3668 1303 3736 quum
1349 3645 1452 3713 hae
1493 3648 1748 3734 linguae
1789 3646 1860 3711 in
1909 3664 2283 3733 paucorum
2332 3644 2466 3709 sint
2509 3662 2750 3734 potes-

558 3767 735 3837 tate,
773 3752 909 3836 ita,
957 3766 1032 3816 ut
1075 3750 1307 3839 legere
1347 3751 1499 3815 illos
1536 3751 1745 3838 inque
1788 3767 1926 3814 rem
1956 3768 2146 3814 suam
2176 3742 2547 3817 transferre
2576 3768 2752 3818 com·

645 3867 741 3952 (1)
826 3868 1009 3945 Vogl.
1045 3870 1147 3928 cit.
1196 3870 1295 3928 loc.
1349 3883 1472 3944 cap.
1517 3889 1603 3929 10.
1641 3872 1693 3949 §-
1727 3846 1783 3945 4ss
1835 3886 1985 3946 seqq.
