3275 4784
1200 293 1579 354 CAPUT
1700 293 1907 354 V1r.
2459 301 2603 378 259

462 422 693 496 dolem
743 420 1119 514 librorum,
1160 415 1226 490 e*
1255 420 1509 514 quibus
1550 443 1800 514 corpus
1846 422 2019 515 juris
2085 425 2299 492 nostri
2364 426 2639 499 coaluit

460 531 652 621 prius
701 528 1076 619 diligenter
1123 525 1530 619 expendisse
1559 576 1583 617 ,
1633 547 1838 617 quam
1897 526 1985 595 ad
2029 548 2268 595 eorum
2308 530 2660 624 interpre-

459 633 787 702 tationem
836 632 1251 701 accedimus.
1287 629 1395 699 Ita
1437 652 1608 701 sane*
1638 628 2035 724 expeditior
2062 630 2497 703 collectionis
2534 636 2663 708 de-

397 751 401 755 ‘
456 727 820 806 cretalium
866 733 1225 829 Gregoriii
1263 734 1384 802 IX.
1424 731 1664 805 futura
1707 750 1807 822 est
1839 735 2319 826 interpretatio
2355 733 2660 827 illi,'cui
2730 774 2743 778 -

459 854 893 931 perspectum
932 841 1064 909 erit
1094 889 1118 931 ,
1170 839 1395 928 illam,
1432 859 1524 907 ex
1559 839 2175 910 constitutionibus
2214 840 2659 934 Pontificum,

456 944 681 1034 iisque
720 964 858 1011 non
906 959 1063 1014 raro
1112 944 1486 1032 mutilatis,
1540 950 1613 1012 et'
1659 944 1751 1012 in
1789 960 2018 1035 partes
2067 944 2271 1012 sectis
2320 960 2661 1017 constare:

359 1115 386 1120 a
460 1046 678 1116 inesse
718 1046 822 1117 illi
864 1068 1004 1116 non
1045 1064 1309 1117 tantum
1351 1047 1540 1137 leges
1581 1045 1979 1138 generales,
2017 1068 2263 1117 verum
2287 1050 2494 1118 etiam
2522 1050 2668 1120 Re·

456 1151 747 1241 scripta,
785 1150 1128 1241 Decreta,
1164 1149 1783 1241 Interlocutiones,
1817 1150 2238 1244 Privilegia,
2292 1154 2652 1242 opiniones

456 1255 891 1344 privatorum
920 1304 943 1344 ,
984 1275 1279 1346 quorum
1335 1256 1642 1326 omnium
1682 1270 1762 1324 ut
1803 1273 2049 1325 natura
2086 1257 2283 1325 varia
2314 1304 2341 1344 ,
2389 1257 2487 1325 ita
2525 1279 2661 1327 va·-

456 1358 565 1424 ria
611 1374 712 1427 est
763 1360 1270 1450 interpretatio.
1310 1357 1549 1444 Quod.
1577 1360 1802 1450 ipsum
1850 1359 1940 1428 de
1991 1358 2317 1430 Gratiani
2371 1359 2655 1437 decreto

458 1457 681 1531 multo
719 1463 928 1532 etiam
981 1460 1416 1532 manifestius
1457 1476 1618 1530 est.·

1318 1664 1382 1747 ς
1459 1657 1789 1730 CCXVL

1112 1867 1501 1949 Recursus
1551 1871 1660 1950 ad
1706 1870 2025 1976 fontes...

459 2125 468 2134 -
503 2091 510 2096 '
606 2077 1026 2151 Permultum
1065 2097 1345 2171 quoque
1383 2075 1749 2170 interpreti
1801 2076 2113 2170 proderit
2142 2129 2164 2168 ,
2202 2094 2282 2149 ut
2320 2081 2394 2148 in
2450 2086 2656 2152 resti-

457 2184 1081 2278 tuenda'genuina
1141 2203 1480 2252 canonum
1546 2181 1845 2251 lectione
1908 2170 2025 2280 (§.
2066 2174 2507 2278 CCVIII.),
2561 2189 2660 2255 ita

454 2309 731 2379 quoque
772 2290 843 2373 in
883 2305 1050 2357 vera
1100 2286 1502 2358 eorumdem
1552 2286 1962 2355 sententiam
2013 2286 2551 2376 investiganda,
2601 2291 2689 2357 si¹

445 2387 676 2463 fontes
714 2391 1122 2482 diligentius
1146 2387 1592 2459 consuluerit.
1621 2385 1948 2457 Gratiani
1971 2390 2154 2457 enim
2180 2388 2342 2458 satis
2383 2405 2655 2461 constat

448 2488 777 2585 frequens
814 2492 947 2564 hoc
984 2514 1130 2564 esse
1166 2494 1418 2566 vitium
1444 2542 1468 2581 ,
1505 2493 1737 2584 plures
1777 2491 1850 2562 in
1889 2513 2106 2561 unum
2139 2512 2440 2562 canones
2478 2507 2646 2562 coti·

445 2595 653 2685 flare,
688 2616 902 2667 unum
935 2612 1179 2667 contra
1221 2598 1291 2665 in
1319 2596 1548 2689 plures
1587 2611 1937 2686 tamquam
1974 2595 2297 2665 diversos
2323 2593 2666 2666 distrahe-“-

452 2719 527 2770 re
577 2700 1007 2792 diversisque
1055 2699 1225 2770 locis
1274 2700 1663 2769 describere
1703 2690 2131 2796 (§.1Lx111.
2173 2689 2229 2796 ).
2282 2695 2658 2790 Ray-mundi

449 2818 617 2872 vero
655 2805 869 2897 major.
904 2806 1112 2875 etiam
1153 2805 1223 2874 in
1265 2801 1397 2873 hoc
1439 2822 1692 2895 genere
1732 2803 2025 2872 audacia
2064 2791 2206 2871 fuit
2234 2792 2339 2900 (ς.
2374 2795 2649 2899 LXX.).

452 2902 811 2989 Quantum
840 2928 1011 2978 vero
1035 2907 1124 2977 ad
1167 2908 1301 2976 loci
1339 2906 1702 2997 cujusdam
1741 2907 2273 2997 intelligentiam
2302 2902 2649 2997 conferat,

453 3029 535 3075 ea
599 3028 753 3096 quae
811 3008 1284 3094 antecedunt,
1343 3030 1633 3097 quaeque
1684 3026 2202 3096 consequuntur
2239 3058 2261 3094 ,
2315 3029 2449 3076 non
2505 3032 2651 3079 esse

451 3104 496 3178 *a
534 3128 662 3179 suo
695 3129 985 3201 corpore
1020 3109 1380 3198 sejuncta,
1419 3125 1754 3199 quantum
1809 3126 2048 3177 contra
2101 3110 2326 3177 eidem
2384 3108 2658 3181 officiat

453 3212 885 3282 diversorum
928 3213 1108 3281 inter
1147 3232 1217 3279 se
1257 3213 1560 3302 capitum
1599 3214 1829 3297 inepta
1873 3213 2066 3299 quasi
2109 3213 2661 3301 conglutinatio,

407 3334 591 3384 “non
630 3332 769 3406 est,
810 3331 891 3387 ut
930 3335 1065 3407 ego
1097 3334 1442 3392 moneam.
1484 3313 1831 3399 Quoniam
1863 3314 2096 3403 itaque
2124 3335 2207 3381 ex
2239 3311 2433 3381 fonte
2471 3336 2652 3384 con-

446 3431 625 3490 stare
674 3415 882 3489 facile
921 3420 1173 3510 possit,
1210 3419 1330 3509 qui
1369 3438 1663 3487 canones
1695 3416 1871 3485 male
1908 3416 2220 3485 distracti
2254 3437 2482 3484 rursus
2510 3421 2645 3488 sint

454 3521 958 3613 conjungendi,
1020 3542 1266 3611 quaeve
1327 3528 1683 3612 perperam
1747 3536 2033 3588 consuta
2097 3519 2464 3592 dissuenda
2495 3571 2520 3609 ,
2570 3538 2644 3592 et

419 3626 594 3694 'suae
626 3627 881 3716 origini
922 3646 1001 3694 ac
1038 3626 1210 3698 loco.
1237 3619 1703 3724 restituenda,
1746 3623 1812 3691 in
1848 3640 2166 3715 promptu
2186 3640 2336 3712 est,
2364 3645 2644 3715 operam

450 3727 523 3797 in
560 3726 670 3800 his
706 3728 1154 3821 explanandis
1194 3728 1481 3817 perdere
1522 3729 1932 3815 interpretes
1973 3728 2117 3796 sine
2158 3728 2454 3796 adsidua
2487 3726 2652 3799 fon-

448 3832 627 3901 tium
678 3831 1128 3919 inspectione.
1170 3829 1392 3923 Espen
1445 3843 1659 3900 tract.
1711 3830 1980 3900 Histor.
2036 3852 2261 3901 canon.
2314 3849 2511 3923 part.
2576 3854 2643 3900 1.

335 4009 350 4014 ,
453 3950 609 4025 cap.
660 3952 728 4020 3.
767 3934 827 4017 §.
885 3927 958 4000 6.
2317 3966 2332 3977 -

556 4033 814 4105 Senon.
920 4033 1031 4104 Ita
1094 4031 1471 4106 Gratianus
1510 4083 1537 4126 ,
1608 4034 1774 4106 dum
1842 4058 2172 4106 canonem
2247 4037 2650 4105 vicesimum
