3275 4784
662 288 803 364 140
1440 289 1871 344 sEc‘rro
1971 292 2027 344 1.

592 413 879 505 papales
921 431 1253 480 sacrarum
1306 413 1696 481 electionum
1755 412 2089 499 libertas,
2144 415 2421 486 collatio
2490 409 2844 501 beneficio·-

605 538 782 603 ram,
823 515 1178 603 navigatio
1206 517 1628 584 Annataram
1660 533 1723 584 et
1769 519 2183 585 exactionum
2212 570 2232 603 ,
2286 504 2418 588 cet.
2463 544 2844 592 commanem

607 620 909 709 regulam
951 613 1294 704 efficiant,
1338 637 1534 708 atque
1561 616 1923 704 fundatam
1954 639 2078 710 pro
2120 644 2186 688 se
2235 623 2665 692 intentionem
2714 626 2846 695 Iza-

608 721 842 789 beant:
890 722 1406 791 Reservationes
1447 747 1603 793 vero
1651 725 1721 789 in
1750 721 2061 807 favorem
2114 724 2343 793 Curiae
2385 726 2703 796 Romanae
2756 732 2849 799 ad

609 840 861 916 tempus
902 829 1251 894 dumtaxat
1294 829 1611 910 indaltae,
1666 827 1959 895 Armatae
1996 878 2016 915 ,
2056 846 2183 895 cet.
2228 832 2672 919 exceptionem
2717 829 2845 916 fa-

610 929 835 1013 ciant,
879 932 1454 1020 strictissimaeque
1496 933 1629 998 sint
1697 932 2324 1021 interpretationis,
2362 952 2434 1002 et
2476 936 2661 1001 altra
2704 939 2847 1004 cla-

610 1054 751 1100 ram
804 1035 1107 1100 litteram
1165 1035 1721 1102 Concordatorum
1788 1036 2162 1102 nullatenus
2216 1038 2486 1104 extendi
2548 1039 2838 1128 possint,

615 1138 770 1225 quin
796 1140 1033 1224 ,potius
1073 1140 1354 1205 eamdem
1397 1140 1541 1228 ipsa
1587 1138 1793 1205 menti
1851 1139 2329 1228 paciscentium
2368 1191 2394 1230 .,
2457 1143 2569 1228 qui
2634 1144 2847 1211 modi-

601 1231 977 1323 ficationem
1016 1241 1477 1327 intenderent,
1515 1244 1987 1313 accommodari
2037 1259 2367 1335 oporteat.
2419 1241 2564 1313 -Cui
2622 1246 2837 1338 junge

618 1341 900 1415 Schlo'e'r
938 1346 1144 1416 citat.
1184 1348 1456 1418 dissert.
1526 1365 1673 1439 cap.
1728 1373 1802 1436 4.

1563 1626 1625 1709 §·
1713 1620 1897 1692 CIX.

1259 1879 1462 1954 Sunt
1533 1901 1789 1953 verum
1871 1890 2205 1974 pactum.

786 2078 1034 2171 Itaque
1072 2075 1523 2150 Concor-data
1582 2083 1916 2151 rationem
1972 2079 2228 2152 habent
2276 2102 2412 2150 non
2442 2081 2837 2172 privilegii,

626 2183 755 2254 sed
787 2188 983 2275 pacti
1032 2185 1408 2276 obligantis
1451 2207 1586 2254 non
1644 2188 1861 2276 magis
1913 2185 2287 2255 Nationem
2330 2185 2838 2273 Germanicam,

629 2310 840 2378 quam
885 2290 1353 2378 Apostolicam
1393 2290 1620 2358 sedem
1657 2314 1677 2356 ε
1722 2291 1904 2379 pacti
1945 2290 2219 2378 inquam
2260 2311 2395 2358 non
2440 2289 2835 2376 temporarii

633 2413 718 2459 ac
749 2394 1126 2478 personalis
1153 2441 1177 2477 ,
1239 2414 1480 2459 verum
1534 2394 1745 2458 realis
1785 2415 1865 2458 ac
1907 2395 2248 2479 perpetui.
2290 2393 2523 2479 Atque
2568 2391 2696 2458 hoc
2741 2392 2834 2458 li-

635 2509 828 2581 quet
841 2509 982 2558 tam
1025 2515 1109 2558 ex
1151 2490 1580 2558 confessione
1612 2491 2025 2558 Pontificum
2068 2492 2345 2558 Nzcolai
2386 2495 2475 2558 V.
2518 2485 2587 2586 (1
2600 2484 2668 2587 ),
2697 2489 2838 2588 Ja-

634 2595 723 2660 tii
764 2593 882 2660 III.
922 2583 1073 2689 (2),
1114 2592 1476 2661 Clementis
1513 2593 1705 2659 VIII.
1747 2582 1904 2688 (3),
1944 2613 2147 2682 quam
2191 2593 2578 2662 Germaniae
2605 2644 2629 2680 ,
2680 2617 2836 2684 quae

633 2697 825 2765 adeo
865 2717 1127 2783 semper
1167 2696 1255 2763 ab
1284 2718 1361 2762 ea
1394 2697 1721 2784 opinione
1763 2691 2039 2784 abfuit,
2082 2714 2159 2765 ut
2197 2694 2641 2765 concordata
2685 2700 2839 2787 pri-

637 2795 977 2886 vilegium
1018 2819 1162 2864 esse
1204 2796 1642 2864 Pontificium
1683 2797 2037 2883 crederet,
2074 2817 2151 2866 ut
2192 2817 2435 2868 contra
2464 2822 2544 2868 ea
2582 2801 2833 2868 violari

630 2895 762 2970 {C
774 2904 924 2967 uria
958 2921 1220 2989 semper
1250 2896 1464 2967 ferret
1494 2892 1893 2990 gravissime
1926 2891 2066 2998 (4),
2086 2902 2393 2992 jurisque
2418 2904 2696 2993 jurandi
2728 2925 2833 2972 re-

636 3003 902 3092 ligione
925 3004 1383 3093 Imperatores
1413 3003 1905 3093 obstringeret,
1934 3005 2177 3074 darent
2208 3027 2513 3096 operam,
2545 3029 2631 3076 ne
2659 3002 2830 3095 quid

582 3193 591 3199 .
639 3107 1034 3175 detrimenti
1071 3110 1369 3197 patiatur
1400 3106 1732 3177 Ecclesiae
1750 3106 2176 3178 Germanicae
2205 3101 2834 3204 libertas(5).Qui-

639 3210 769 3279 bus
811 3218 1052 3281 autem·
1071 3213 1420 3302 praecipue
1477 3214 1865 3280 innituntur
1908 3213 2287 3282 rationibus
2339 3212 2665 3298 adscripti
2707 3233 2838 3279 cu-

641 3315 765 3433 riae'
799 3317 1161 3407 scriptores
1189 3366 1215 3408 ,
1250 3341 1352 3386 eae
1403 3333 1566 3386 sunt
1619 3315 1994 3386 admodum
2028 3316 2242 3391 leveS.
2282 3315 2453 3386 Sane
2494 3315 2612 3385 vix
2649 3335 2829 3406 ope-

662 3571 827 3644 (ι)
885 3568 1081 3631 Const.
1129 3570 1464 3631 adsacrum.
1519 3573 1573 3650 5.
1622 3593 1675 3630 1.
1694 3586 1698 3591 ·

649 3665 656 3673 ·
757 3647 823 3727 2)
909 3651 1099 3710 Const.
1134 3653 1229 3708 die
1263 3673 1352 3726 14.
1386 3651 1557 3724 Sept.
1591 3671 1735 3713 ann.
1773 3669 1946 3731 1554.
1986 3652 2165 3710 edita.
2200 3652 2252 3727 §-
2290 3667 2345 3707 2.

701 3732 856 3803 3)
883 3729 1087 3792 Const.
1121 3734 1176 3790 d.
1203 3732 1297 3790 die
1342 3752 1429 3809 15.
1462 3734 1611 3807 J-an.
1644 3752 1772 3791 ann.
1824 3737 2016 3809 1603:

663 3807 824 3889 (4)
902 3807 1043 3869 Vid.
1081 3809 1349 3869 Concord.
1386 3809 1656 3873 German.
1694 3827 1827 3872 tom
1879 3834 1927 3872 1.
1963 3825 2112 3889 pag.
2164 3828 2258 3890 27.
2304 3818 2367 3868 et
2411 3820 2544 3869 tom.
2591 3827 2648 3886 3.
2677 3821 2821 3890 pag.

641 3910 778 3971 177·
833 3909 1142 3966 190.195.
1186 3891 1321 3950 216.

719 3971 814 4052 (5)
895 3974 1038 4029 Vid.
1073 3973 1311 4030 Endres
1345 3973 1520 4034 citafft
1566 3975 1804 4039 dissert.
1841 3975 1893 4052 §.
1932 3991 2024 4052 17.
2074 3987 2223 4052 seqq
2260 3966 2529 4035 Schmidt
2584 3968 2826 4030 diatrib.

629 4054 705 4114 de
738 4055 886 4131 Imp.
921 4051 1087 4116 Cone.
1137 4053 1410 4117 Protect.
