3275 4784
1293 290 1441 347 .e:A
1474 290 1602 347 reu
1635 292 1688 345 τ
1801 291 1878 347 v.
2497 293 2664 378 233,

499 407 893 487 Vincentius
944 414 1356 485 Lirinensis:
1396 415 1810 503 Enimvero,
1861 414 1996 501 ait,
2047 434 2237 504 quum
2285 415 2692 508 scripturam

496 543 750 590 sacram
786 540 917 613 pro
955 520 1104 611 ipsa
1155 519 1392 588 suimet
1421 513 1796 594 altitudine
1835 535 1909 586 et
1946 517 2356 587 obscuritate
2396 544 2518 590 non
2559 546 2705 591 uno·

496 627 834 716 eodemque
872 645 1060 694 sensu
1111 646 1322 692 omnes
1362 624 1695 715 accipiant
1727 672 1750 711 ,
1799 622 1916 690 sed
1963 622 2173 690 aliter
2226 637 2426 712 atque
2480 625 2692 695 aliter

497 729 674 797 alius
725 747 929 818 atque
979 728 1159 796 alius
1209 728 1704 817 interpretetur
1730 776 1754 816 ,
1818 743 1895 796 ut
1940 743 2106 815 pene
2158 743 2314 815 quo-t
2378 726 2697 822 homines,

494 847 600 901 tot
639 832 834 926 illinc
873 832 1221 899 sententie
1273 832 1420 898 erui
1457 849 1655 921 posse
1718 829 2157 898 videantur...
2218 850 2474 899 necesse
2499 828 2687 924 fuit,

491 952 573 1012 ut
597 934 1016 1026 propheticae
1035 932 1560 1025 etlApostolicae
1579 933 2169 1024 interpretationis
2193 934 2369 1004 linea
2400 945 2689 1026 propter

483 1039 874 1114 aamvasii-
893 1038 1152 1109 erroris
1187 1034 1539 1122 anfractus
1579 1039 1922 1108 secundum
1960 1056 2244 1108 normam
2266 1038 2561 1125 aliquam
2588 1040 2693 1109 div

483 1144 867 1235 ²rige-retur.
899 1142 1040 1214 ,ob
1094 1144 1176 1211 ia
1205 1149 1398 1234 *ergo
1445 1158 1603 1232 post
1665 1140 2095 1232 Prophetas·,
2159 1139 2577 1234 Apostolos,
2614 1162 2693 1215 et

481 1245 984 1340 -Evangelistas
1013 1296 1036 1332 ,
1076 1245 1362 1315 Sancto's
1403 1268 1649 1336 quoque
1704 1246 2034 1312 Ductores
2088 1244 2453 1334 accepimus
2478 1294 2521 1334 ,f
2564 1270 2689 1336 quo

494 1372 716 1421 eorum
778 1350 1228 1437 catholicam,
1279 1347 1401 1418 hoc
1453 1365 1606 1436 est,
1658 1349 2094 1417 universalem
2160 1348 2690 1440 intelligentiam

494 1467 827 1545 tamquam
876 1452 1201 1521 Ecclesiae
1249 1453 1553 1544 regulam
1591 1450 1632 1519 ὰ
1672 1450 1819 1518 Deo
1850 1452 2323 1543 prescriptam
2379 1472 2692 1542 sequere-

494 1567 664 1626 mur.
683 1558 791 1623 ·'In
814 1554 1181 1625 commonit.
1220 1558 1278 1640 s.
1311 1575 1383 1623 α.

598 1657 778 1729 Con„
807 1659 878 1728 1.
984 1657 1169 1726 Dum
1211 1657 1493 1726 Patrum
1528 1660 2093 1740 consentientem·
2122 1662 2405 1751 requiro
2442 1676 2691 1730 aucto·-

494 1763 806 1849 ritatem,
846 1758 1052 1830 facile
1092 1762 1580 1850 intelligitur,
1634 1764 1886 1849 unius,
1916 1763 2343 1832 duorumve
2386 1761 2687 1835 Patrum

480 1867 809 1936 miamin
846 1865 972 1952 iis,
1008 1885 1161 1954 quae
1198 1863 1288 1932 ad
1331 1863 1496 1932 fidei
1533 1865 1924 1934 doctrinam
1963 1862 2403 1955 referuntur,
2441 1885 2684 1937 aucto-

483 1969 753 2037 ritatem
784 1988 922 2038 non
949 1967 1130 2035 adeo
1157 1965 1424 2035 firmam
1445 1988 1633 2054 esse,
1675 1985 1751 2034 ut
1790 1969 2123 2056 suspicari
2148 1968 2499 2038 interdum
2539 1991 2680 2042 non

486 2068 692 2141 liceat
731 2073 819 2141 de
858 2072 1179 2140 veritate.
1232 2070 1562 2138 Praeclare
1613 2070 1869 2137 iterum
1904 2068 2321 2140 Vincentius
2360 2070 2681 2142 Lirinen-

473 2176 577 2242 «εἰς
616 2176 740 2246 loc.
781 2178 906 2244 cit.
930 2176 1006 2260 ·§.
1053 2194 1119 2261 3.
1156 2173 1507 2263 Quidquid
1552 2193 1673 2240 non
1704 2178 1872 2246 unus
1909 2186 2026 2240 aut
2065 2173 2190 2241 duo
2230 2187 2527 2263 tanturn,
2559 2178 2687 2244 ‘sed

489 2287 699 2346 omnes
729 2278 1001 2370 pariter
1039 2297 1162 2345 zeno
1199 2278 1540 2365 eodemque
1574 2277 1883 2344 consensu
1931 2289 2215 2366 aperte„
2260 2269 2685 2369 frequenter,

472 2396 998 2471 perseveranter
1062 2381 1354 2462 tenuisse
1378 2427 1400 2468 ,
1449 2378 1795 2468 scripsisse
1820 2425 1846 2469 ,
1898 2378 2197 2448 docuisse
2256 2381 2679 2471 cognoverit,

492 2483 570 2550 id
614 2484 747 2552 sibi
784 2506 1032 2575 quoq-ue
1072 2481 1432 2574 intelligat
1473 2481 1717 2571 absque
1752 2482 1895 2550 ulla
1946 2480 2368 2551 dubitatione
2404 2484 2683 2552 creden-—

485 2585 657 2656 dum.
698 2587 912 2674 Quod
951 2590 1174 2678 ipsum
1195 2584 1492 2677 quidem
1529 2603 1680 2655 tum
1726 2583 1999 2656 obtinet
2037 2585 2368 2675 maxime,
2404 2586 2685 2675 quando

487 2688 624 2779 ipsi
662 2692 843 2761 iuter
880 2713 952 2761 se
992 2690 1327 2761 dissident
1349 2688 1600 2760 P‘atres
1629 2688 1975 2782 ajemibus
2011 2684 2158 2784 his,
2197 2688 2369 2758 inis
2344 2692 2692 2809 'neganti-

480 2791 644 2863 buS.
692 2794 927 2865 Canus
967 2796 1046 2863 de
1083 2794 1248 2865 lo'cis
1286 2791 1526 2864 Theoi.
1581 2793 1715 2862 tib.
1754 2816 1833 2885 7.
1869 2810 2019 2887 cap.
2047 2814 2134 2881 3.
2588 2821 2597 2828 ·

485 2951 490 2957 .
593 2894 779 2966 Con.
815 2899 911 2967 11.
1018 2898 1240 2968 Aliud
1274 2913 1418 2987 est,
1454 2918 1669 2988 quum
1704 2898 1944 2969 Patres
1980 2916 2123 2967 non
2165 2895 2240 2966 id
2291 2909 2514 2990 agunt
2540 2946 2566 2989 ,
2602 2914 2682 2968 ut

491 2998 665 3088 quid
715 2999 996 3078 credere
1047 3020 1172 3069 uos
1200 3048 1234 3087 ‚.
1288 3000 1553 3089 quidve
1588 3022 1799 3091 agere
1835 3023 1925 3070 ex
1961 3001 2125 3090 leg'e
2157 2999 2296 3069 Dei
2336 3018 2687 3092 oporteat,

490 3100 825 3189 doceant,
864 3100 984 3170 sed
1023 3115 1104 3171 ut
1137 3115 1517 3188 testentur,
1550 3102 1725 3191 quid
1776 3105 1917 3170 suis
1966 3103 2391 3192 temporibus
2427 3103 2684 3172 Eccle-

495 3204 597 3273 sia
633 3202 1012 3275 crediderit
1040 3254 1065 3294 ,
1100 3203 1440 3295 egeritve.
1476 3202 1665 3272 Nam
1718 3201 1853 3272 h'oc
1889 3224 2055 3273 casu
2096 3224 2365 3272 necesse
2421 3226 2558 3274 non
2587 3224 2692 3276 est

495 3304 850 3397 omnium',
890 3325 1011 3377 aut
1063 3327 1243 3399 pene.
1277 3307 1584 3375 omnium
1621 3307 2017 3376 testimonia
2055 3325 2308 3376 vocare
2341 3307 2412 3377 in
2452 3307 2684 3377 subsi-

493 3408 726 3501 dium,
768 3426 844 3481 ut
883 3409 1197 3481 coust‘are
1235 3402 1450 3479 nobis
1473 3407 1604 3501 pro
1631 3424 1834 3478 certo
1874 3411 2124 3503 possit,
2162 3430 2313 3477 eam
2346 3426 2510 3480 tunc
2549 3407 2707 3479 Ec·-

469 3512 715 3584 clesiae
775 3510 1157 3584 Catholicae
1220 3513 1608 3582 doctrinam
1669 3510 1907 3583 fuisse.
1987 3510 2318 3605 Opstrae't
2384 3514 2464 3584 de
2526 3513 2690 3586 locis

483 3613 930 3688 OEheoksaiss.
970 3613 1044 3687 6.
1079 3633 1317 3709 quaest.
1365 3621 1432 3705 3‘.
1473 3618 1535 3705 §.
1581 3638 1657 3687 2.
1670 3623 1854 3711 pag.
1888 3637 2007 3688 m.-
2041 3636 2076 3704 3
2091 3638 2211 3709 54
