3275 4784
697 236 796 331 46
1448 254 1822 308 saca-10
1945 258 1999 308 1.

631 380 704 447 di
746 382 831 446 sit
872 376 1192 448 studiosae
1224 373 1573 469 juventuti
1630 376 1992 465 adlatura,
2043 397 2159 446 eos
2224 398 2361 469 ego
2427 384 2811 459 meminisse

625 484 872 573 velim,
913 500 987 551 ut
1028 483 1161 549 alia
1202 502 1380 553 nunc
1422 494 1558 551 n'on
1597 482 1857 568 dicam,
1884 484 2198 570 illorum,
2229 505 2377 572 quae
2405 504 2557 553 sunt
2592 493 2806 581 scrip-

625 602 695 653 ta
737 590 1078 677 sapienter
1115 580 1155 651 ὲ
1195 582 1259 652 F
1264 587 1557 653 rancisco
1597 583 1661 651 F
1666 586 1920 653 lorente
1975 587 2043 653 in
2095 583 2502 677 praefatione
2544 590 2804 660 disser-

620 693 935 775 tationi8‚
974 709 1126 778 quae
1178 704 1279 756 est
1329 688 1417 756 de
1472 691 1782 778 origine,
1830 705 1975 757 arte
2026 704 2098 756 et
2148 690 2562 759 auctoritate
2609 695 2799 773 Juris

619 791 988 861 Canonici:
1028 791 1220 882 cujus
1261 793 1394 859 viri
1437 792 1623 883 apud
1661 813 1766 860 me
1807 792 2185 861 auctoritas
2230 796 2357 861 etsi
2414 810 2604 863 tanta
2665 816 2796 888 est,

618 912 697 963 ut
739 896 1052 965 inscitum
1094 894 1309 982 illud,
1349 895 1539 985 cujus
1595 917 1700 963 me
1750 917 1924 985 saepe
1971 897 2043 962 in
2099 897 2347 966 nostris
2397 895 2796 972 hominibus

617 999 873 1088 pudet,
923 998 1033 1066 cui
1079 999 1227 1065 usui
1243 990 1271 1063 ἓ
1326 995 1531 1066 facile
1583 1000 1799 1066 ausim
1847 1015 2324 1087 contemneret,
2378 998 2632 1069 addam
2689 1022 2796 1074 ta-

617 1122 770 1170 men
809 1102 1041 1188 aliud,
1082 1102 1289 1191 idque
1333 1104 1529 1170 aecio
1570 1124 1656 1170 an
1695 1103 1977 1193 gravius
2004 1102 2272 1170 Christ.
2302 1101 2480 1192 Lupi
2522 1107 2795 1195 piijux·

617 1221 689 1273 ta
728 1206 1051 1281 ac,d0cti
1101 1206 1234 1273 viri
1285 1206 1789 1273 testimonium:
1837 1204 1953 1273 Ex
2003 1223 2130 1294 quo
2179 1208 2595 1295 antiquorum
2647 1210 2795 1278 Ca·-

611 1330 836 1376 nonum
901 1327 967 1377 et
1032 1308 1615 1399 intelligendorum
1674 1325 1744 1376 et
1798 1308 2339 1377 observandos-um
2401 1334 2560 1378 cura
2612 1315 2794 1402 apud

612 1434 725 1478 nos
791 1414 988 1501 coepit
1052 1429 1425 1501 tepescet-«23
1479 1413 1774 1501 irrepere
1825 1414 1893 1479 in
1942 1411 2200 1480 scholas
2258 1411 2460 1501 coepit
2512 1414 2791 1483 subtili-

613 1532 722 1582 ter
784 1514 1221 1605 disputandi,
1286 1530 1352 1582 et
1410 1516 1787 1605 probaliter
1852 1515 2162 1606 opinandi
2230 1517 2576 1584 licentiosa
2650 1539 2794 1587 cum

598 1619 961 1710 prurigine
1013 1634 1086 1688 et
1137 1619 1281 1684 sine
1317 1612 1537 1700 fraeno
1590 1617 1894 1686 libertas.
1949 1617 2013 1684 E
2064 1617 2309 1686 scholis
2360 1619 2429 1687 in
2469 1619 2794 1690 Ecclesiae

611 1721 944 1809 umbones,
995 1739 1063 1790 et
1129 1718 1283 1788 hinc
1335 1720 1403 1787 in
1444 1712 1675 1803 fidelis
1717 1722 1948 1812 populi
2014 1743 2221 1789 mores
2275 1724 2558 1790 transiit
2589 1746 2611 1790 :
2669 1739 2790 1792 at-

605 1847 728 1913 que
791 1827 897 1892 ita
940 1843 1179 1914 purum
1229 1823 1439 1891 avitae
1486 1825 1756 1892 moralis
1800 1825 2182 1915 praesertim
2232 1822 2621 1919 Theologiae
2672 1828 2791 1895 vi-

605 1949 753 1994 num
816 1950 1063 1996 coenosa
1126 1922 1422 1995 humanae
1476 1945 1604 2018 perv
1650 1944 1995 2017 peccatum
2060 1928 2423 1996 obscuram
2497 1929 2789 1999 rationis

605 2053 775 2117 aqua
816 2033 1119 2114 miscuit,
1158 2046 1227 2097 et
1268 2032 1551 2098 lucidum
1601 2032 2010 2123 evangelicoe
2059 2032 2228 2100 vitae
2279 2054 2508 2100 aurum
2566 2036 2789 2102 vertit

604 2133 674 2200 in
713 2136 988 2203 scoriam
1028 2135 1257 2202 multae
1290 2136 1757 2225 corruptionis.
1799 2134 2081 2204 Patrum
2127 2134 2430 2203 cordibus
2485 2135 2554 2202 in
2595 2127 2788 2217 filios

602 2239 987 2307 reducendis
1027 2239 1208 2306 nulla
1247 2236 1363 2306 via
1403 2240 1910 2328 compendiosior
1964 2258 2154 2330 quam
2207 2238 2505 2327 reditus,
2557 2261 2794 2309 verum

609 2342 750 2408 sale
794 2345 1142 2427 conditus,
1193 2342 1285 2408 ad
1325 2345 1630 2430 antiquos
1683 2342 1932 2412 nostris
1983 2343 2478 2410 novissimorum
2534 2358 2790 2433 tempo-

609 2466 752 2511 rum
794 2438 1299 2525 infirmitatibus
1337 2464 1654 2533 congruos
1689 2465 1996 2530 canones,
2036 2465 2189 2530 quos
2229 2443 2294 2510 S.
2335 2444 2484 2514 Leo
2526 2444 2634 2512 M.
2672 2447 2778 2514 al-

609 2559 684 2618 ta
749 2567 903 2613 voce
957 2545 1331 2635 praedicat,
1380 2567 1518 2612 esse
1569 2545 1830 2635 Spiritu
1879 2544 2013 2614 Dei
2070 2545 2520 2637 constitutos,
2574 2549 2788 2617 totius

603 2647 843 2715 mundi
883 2650 1263 2717 reverentia
1302 2665 1750 2737 consecratos,
1798 2663 1869 2717 et
1918 2670 2115 2736 usque
2166 2650 2258 2716 ad
2305 2651 2530 2717 saeculi
2584 2643 2787 2734 finem

604 2753 834 2838 utique
876 2752 944 2818 in
984 2753 1338 2821 electorum
1374 2751 1677 2819 cordibus
1707 2770 2187 2842 permansuros.
2226 2749 2437 2821 Conf.
2491 2751 2776 2842 Espenii

604 2854 879 2924 dissert.
935 2853 1015 2921 de
1063 2853 1476 2948 auctoritate
1524 2870 1593 2924 et
1648 2853 2038 2924 stabilitate
2088 2872 2389 2927 veterum
2448 2876 2785 2927 canonum.
