3275 4784
642 237 787 291 210
1380 230 1807 286 SECTIO
1887 233 2006 286 11.

588 362 847 429 tianam
888 357 1213 449 pietatem
1264 356 1730 425 confirmatio:
1771 356 1990 425 divini
2023 352 2241 423 cultus
2287 368 2612 425 externus
2675 356 2807 429 de-

592 485 752 533 cor:
796 463 1147 555 regiminis
1187 463 1362 529 sacri
1415 462 1716 551 prudens
1770 478 1838 530 et
1890 460 1980 530 ad
2036 456 2412 529 formulam
2453 460 2804 533 divinitus
2878 537 2881 538 a

600 569 1064 661 praescriptam
1098 582 1553 655 attemperata
1595 565 1986 656 ordinarie,
2054 565 2602 655 constitutioque
2669 566 2809 636 Ec·-

604 673 1006 742 clesiasticae
1066 669 1477 761 disciplinae:
1510 668 1653 738 haec
1691 669 1810 737 illa
1865 686 2025 739 sunt
2081 670 2449 762 nimirum,
2514 669 2583 736 in
2651 674 2809 763 qui-

602 776 730 844 bus
768 776 1109 865 sapienter
1147 772 1616 841 deliberandis
1654 774 2179 865 sanciendisque
2230 789 2432 842 vetus
2497 770 2812 845 Ecclesia

602 900 881 969 operam
926 900 1117 947 suam
1160 878 1522 945 exercebat
1570 878 1823 967 insigni
1863 883 1935 946 et
1977 877 2315 947 modestia
2369 892 2440 946 et
2479 878 2811 948 utilitate.

609 983 789 1067 Quae
827 982 916 1049 ad
961 981 1208 1049 horum
1246 998 1459 1070 caput
1497 981 1781 1071 aliquod
1820 978 2064 1050 referri
2124 1002 2261 1050 non
2324 997 2647 1073 poterant
2671 1032 2693 1072 ,
2730 1004 2814 1052 ea

499 1087 510 1096 ‘
607 1104 958 1175 tamquam
998 1082 1038 1153 a
1092 1087 1276 1153 curis
1330 1087 1467 1152 suis
1503 1085 1728 1153 aliena
1781 1106 1865 1153 ne
1906 1085 2297 1176 attingebat
2339 1085 2656 1176 quidem.‘

703 1189 961 1257 Senon.
1066 1185 1278 1259 Conf.
1307 1186 1583 1258 Gibert.
1621 1191 1885 1282 incorp.
1900 1189 2048 1281 jur.
2073 1211 2300 1261 canon.
2334 1205 2494 1261 tom.
2535 1212 2599 1258 1.
2614 1207 2811 1283 pag.-

625 1312 751 1385 79.
794 1315 971 1386 seqq.

1457 1498 1521 1582 §.
1643 1492 1967 1568 CLXIV.

1109 1706 1249 1781 An
1299 1711 1534 1781 etiam
1606 1714 1917 1808 negotia
1958 1709 2336 1807 profana}

774 1914 907 1986 Sed
949 1916 1129 1985 intra
1170 1913 1357 1985 hunc
1401 1915 1681 1987 modum
1727 1939 1964 2008 parum
2006 1942 2076 1989 se
2118 1919 2464 1990 continuit
2505 1935 2665 1990 aetas
2705 1942 2813 1990 re-

616 2022 909 2090 centior.
947 2020 1100 2091 Nec
1127 2044 1334 2089 causa
1372 2023 1443 2089 in
1498 2024 1793 2090 obscuro
1835 2040 1961 2091 est.
2001 2024 2270 2115 Nempe
2307 2024 2454 2094 duo
2518 2026 2809 2093 maxime

616 2122 918 2194 infelicis
956 2126 1099 2216 eJ‘us
1149 2127 1369 2194 aetatis
1412 2126 1812 2216 praejudicia
1859 2131 2240 2218 ingenuum
2285 2128 2480 2196 nobis
2523 2145 2824 2197 vetusta-

620 2230 708 2297 tis
744 2230 1115 2299 candorem
1156 2229 1615 2300 abstulerunt.
1657 2230 1892 2299 Unum
1932 2249 2073 2318 est,
2115 2232 2302 2322 quod
2345 2252 2638 2298 summos
2681 2252 2813 2321 po-

619 2334 945 2426 pulorum
974 2333 1531 2424 Principes,illos
1560 2336 2246 2425 maxime7quifidem
2268 2330 2555 2425 professi
2576 2332 2827 2402 Chris-

620 2451 692 2504 to
742 2459 813 2503 se
878 2436 1329 2520 dediderant,
1394 2439 1687 2525 imperio
1744 2437 2070 2505 Ecclesiae
2148 2439 2343 2506 nullo
2385 2438 2669 2527 dempto
2709 2460 2826 2505 ne·

618 2539 855 2627 goti0‚
894 2535 1234 2625 subjectos
1274 2558 1416 2604 esse
1458 2539 1829 2608 statuebat.
1897 2539 2111 2623 Quod
2177 2542 2340 2623 licet
2395 2538 2438 2608 a
2480 2542 2828 2632 Magistri

620 2642 1060 2711 institutione
1112 2638 1646 2729 alienissimum,
1686 2640 1824 2709 huc
1860 2658 2091 2712 tamen
2131 2643 2385 2735 injuria
2437 2653 2826 2734 temporum

618 2747 897 2831 valuitr·
925 2760 1004 2812 ut
1041 2741 1130 2809 de
1181 2742 1725 2831 Imperatoribus
1762 2767 1843 2811 ac
1924 2745 2280 2832 Regibus,
2354 2746 2442 2812 de
2510 2739 2697 2815 bello
2742 2737 2832 2814 -a'e

621 2869 846 2939 pace‚1
869 2845 956 2914 de
989 2846 1416 2914 successione
1459 2847 1527 2912 in
1570 2866 1784 2936 regna
1821 2868 1900 2915 ac
1942 2849 2372 2937 provincias.‚
2410 2848 2641 2938 deque
2684 2852 2834 2919 aliis

624 2949 963 3018 sexcentis
980 2947 1371 3039 hujusmodi
1396 2947 1672 3017 minime
1684 2953 1893 3019 ‘sacris
1909 2945 2211 3041 negotiis
2227 3002 2251 3036 .,
2264 2949 2532 3044 judicia
2550 2955 2619 3021 in
2635 2951 2831 3022 Con-‘—

626 3052 810 3121 ciliis
840 3074 966 3144 pro
996 3055 1412 3123 auctoritate
1441 3072 1926 3123 exercerentur
1954 3045 2096 3151 (1).
2129 3056 2453 3124 Alterum
2482 3059 2616 3124 isto
2645 3056 2839 3125 haud

624 3158 851 3227 minus
918 3154 1189 3247 fertile,
1229 3158 1426 3251 cujus
1490 3180 1559 3227 se
1621 3159 1978 3228 vindicem
2035 3158 2451 3228 Innocentius
2488 3157 2837 3247 praebebat

622 3252 770 3358 (2),
808 3260 1117 3333 Clericos
1156 3284 1294 3333 non
1333 3262 1576 3352 civili,
1637 3264 1760 3331 sed
1817 3262 2330 3333 Ecclesiasticae
2370 3262 2835 3355 jurisdictioni

623 3366 927 3455 subjicit.
971 3365 1295 3456 Vestigia
1347 3364 1554 3457 hujus
1592 3369 2012 3458 opinationis
2053 3368 2119 3434 in
2146 3369 2313 3436 actis
2347 3381 2417 3433 et
2456 3365 2836 3434 canonibus

627 3464 1105 3537 Conciliorum
1132 3468 1543 3539 Latinorum
1573 3474 1821 3560 passim
1855 3470 2069 3539 obvia
2101 3471 2406 3537 indicare
2424 3466 2717 3535 nihilest
2731 3491 2846 3538 ne-

623 3591 812 3638 cesse
844 3563 986 3668 (3).
1020 3573 1383 3663 Atqueilla
1411 3593 1544 3664 ego
1582 3576 1655 3642 in
1709 3572 1818 3642 his
1858 3570 2012 3643 fero
2044 3574 2423 3641 moderate.
2451 3567 2840 3639 Infelicita-

624 3674 681 3741 ti
725 3689 1108 3764 temporum
1146 3678 1451 3767 imput0‚
1499 3700 1659 3767 quae
1706 3680 1988 3746 sinceris
2025 3678 2357 3746 destituta
2376 3674 2703 3745 subsidiis
2730 3685 2845 3748 v'e-

747 3927 778 3963 α
892 3906 1160 3964 Fleurius
1189 3911 1326 3966 diss.
1363 3929 1423 3984 4.
1461 3913 1519 3965 in
1543 3908 1780 3968 Histor.
1830 3910 2064 3970 Eccles.
2096 3913 2148 3987 §.
2198 3929 2255 3990 7.

752 3844 774 3881 1
895 3824 1169 3884 Fleurius
1200 3830 1339 3886 diss.
1369 3847 1423 3904 3.
1449 3829 1512 3885 in
1544 3829 1780 3888 Histor.
1806 3831 1871 3887 E
1874 3830 2041 3888 ecles.
2066 3830 2119 3906 §.
2152 3846 2243 3887 10.

712 3819 813 4071 {a}
892 3984 1106 4051 Gibert
1129 4002 1266 4053 tom.
1305 4010 1358 4052 1.
1382 4002 1535 4065 corp.
1554 3991 1672 4063 jur.
1689 4009 1791 4053 can
1804 4009 1911 4052 on..
1922 4007 2075 4073 pag.
2106 4010 2251 4070 224.
2281 4001 2400 4050 art.
2428 4010 2490 4067 3.
