3275 4784
748 231 886 303 128
1504 245 1927 297 SECTIO
2029 248 2080 298 1.

554 369 563 382 ’
671 373 981 443 obnoxia
1020 379 1119 439 es't
1158 360 1308 466 (1):
1355 366 1539 458 quod
1583 370 1800 455 ipsum
1845 371 2050 436 etiam
2088 369 2160 434 in
2215 366 2393 434 libro
2435 366 2522 436 de
2574 370 2851 442 anatlie-

666 481 879 545 matis
923 474 1201 545 vinculo
1243 472 1557 564 adfirmat
1599 474 2160 539 luculentissime.
2203 462 2306 566 (ἦ.
2339 467 2698 569 LXXIV.)
2737 477 2853 545 Ge-

673 582 845 648 lasio
926 580 1304 647 adsentitur
1356 596 1630 664 prorsus
1674 573 2099 665 Symmachus
2147 578 2214 642 in
2257 577 2688 664 apologetico
2724 582 2842 648 ad-

670 705 911 752 versus
938 681 1378 748 Anastasium
1418 668 1569 773 (2):
1609 675 2086 764 Conferamus,
2118 681 2386 767 inquit,
2418 678 2706 747 honorem
2732 684 2840 751 Im-

656 787 1004 876 peratoris
1056 806 1194 851 cum
1236 782 1478 849 honore
1530 775 1889 864 Pontificis
1917 832 1938 866 .‚
1991 783 2169 849 inter
2219 804 2375 869 quos
2416 799 2669 852 tantum
2707 787 2837 852 dis-

666 905 777 956 tat
805 940 828 976 ,
868 903 1180 977 quantum
1232 886 1352 952 ille
1391 881 1608 951 rerum
1662 883 2085 951 humanarum
2150 909 2372 953 curam
2416 889 2615 976 gerit
2656 938 2677 976 ‚
2721 890 2837 956 iste

662 993 1065 1060 divinarum.
1120 988 1219 1056 Tu
1285 988 1652 1078 Imperator
1717 987 1756 1054 ὰ
1815 979 2145 1071 Pontifice
2205 988 2602 1078 baptismum
2675 994 2843 1059 acci-

652 1097 768 1185 pis
810 1147 831 1184 ,
871 1095 1307 1162 Sacramenta
1374 1092 1573 1158 sumis
1607 1142 1628 1179 ,
1695 1093 2058 1162 orationem
2114 1094 2338 1181 poscis
2371 1143 2393 1180 ,
2444 1093 2846 1162 benedictio·-

658 1221 804 1266 nem
867 1217 1142 1288 speras,
1196 1195 1663 1287 poenitentiam
1741 1217 1814 1263 ro
1870 1198 1995 1280 as,
2037 1214 2371 1285 postremo
2435 1212 2510 1263 tu
2578 1197 2844 1267 humana

663 1303 1095 1369 administras
1134 1350 1156 1386 ‚
1209 1301 1330 1366 ille
1375 1298 1505 1366 tibi
1557 1300 1745 1366 divin
1845 1300 2236 1389 dispensat:
2277 1301 2510 1388 itaque
2540 1352 2566 1389 .,
2627 1318 2695 1367 ut
2732 1324 2844 1370 non

661 1406 875 1472 dicam
916 1404 1253 1496 superior,
1292 1420 1475 1470 certe
1516 1403 1790 1491 aequalis
1832 1401 2035 1471 honor
2065 1419 2199 1471 est.
2242 1402 2506 1471 Eadem
2538 1406 2847 1473 disertis·-

656 1511 829 1576 sime
894 1508 1108 1576 tradit
1162 1505 1535 1598 Gregorius
1585 1506 1671 1573 11.
1726 1507 1797 1573 in
1849 1507 2137 1596 epistola
2189 1507 2279 1576 ad
2332 1505 2613 1576 Leonem
2665 1509 2849 1577 Isau-

663 1633 808 1679 rum
845 1589 995 1706 (3):
1052 1611 1204 1676 Non
1242 1627 1394 1676 sunt
1447 1609 1922 1698 Imperatorum
1962 1609 2330 1701 dogmata),
2393 1611 2511 1678 sed
2558 1605 2853 1694 Pontifi-

661 1735 845 1800 cum,
897 1712 1196 1799 quoniam
1234 1709 1497 1777 Christi
1535 1733 1785 1776 sensum
1829 1734 1940 1778 nos
2002 1711 2336 1781 habemus.
2385 1714 2556 1781 Alia
2597 1733 2703 1782 est
2743 1737 2845 1782 ec·-

654 1815 1183 1882 clesiasticarum
1226 1813 1708 1880 ordinationum
1749 1814 2101 1883 institutio
2129 1866 2151 1903 ,
2193 1819 2335 1885 alia
2375 1817 2840 1909 intelligentia

654 1919 1094 1985 saecutarium.
1163 1917 1232 1983 In
1297 1916 1993 1986 administrationibus
2073 1924 2298 1989 saeculi
2378 1943 2563 2009 quem
2648 1921 2846 1994 habes

654 2044 906 2089 sensum
946 2072 969 2110 ‚
1028 2023 1096 2088 in
1163 2021 1632 2111 spiritualibus
1708 2022 2086 2114 dogmatum
2152 2024 2852 2094 administrationibus

656 2124 903 2193 habere
942 2148 1063 2194 non
1089 2143 1308 2216 potes.
1361 2124 1460 2192 Et
1503 2147 1645 2195 ecce
1712 2126 1845 2194 tibi
1898 2127 2110 2195 scribo
2164 2129 2851 2219 discriminapalatii

653 2246 723 2297 et
773 2231 1247 2317 ecclesiarum,
1302 2228 1562 2321 Regum
1617 2245 1691 2297 et
1753 2222 2174 2313 Pontificum.
2230 2231 2541 2324 Agnosce
2592 2234 2851 2300 illaet

655 2336 962 2422 salvare,
988 2358 1102 2401 nec
1129 2334 1574 2402 contentiosus
1601 2348 1742 2411 esto
1765 2356 1867 2402 :tte
1906 2335 2082 2403 Nam
2112 2333 2631 2424 quemadmodum
2673 2334 2861 2406 Pon.—

630 2434 840 2520 ·tifex
890 2437 1399 2524 introspiciendi
1450 2436 1519 2501 in
1558 2436 1900 2524 palatium
1953 2454 2368 2526 potestatem
2433 2462 2554 2507 non
2620 2438 2861 2529 habet,

648 2564 724 2611 ac
765 2540 1147 2634 dignitates
1199 2537 1432 2631 regias
1488 2532 1890 2629 deferendit,
1955 2541 2051 2614 sic
2114 2564 2315 2631 neque
2357 2543 2734 2635 Imperator
2786 2545 2860 2614 in

647 2646 993 2716 Ecclesias
1044 2647 1606 2737 introspiciendi,
1660 2661 1728 2714 et
1780 2640 2135 2715 electiones
2176 2648 2244 2714 in
2295 2648 2478 2716 clero
2510 2666 2867 2740 peragen-
2969 2683 2983 2747 ‚-

647 2753 770 2839 di,
819 2775 1021 2840 neque
1068 2751 1527 2833 consecrandi,
1594 2750 1708 2813 vel
1723 2772 1729 2776 ⁶
1758 2750 2055 2834 symbola
2107 2752 2696 2814 Sacramentorum
2754 2752 2875 2818 ad-

645 2854 1071 2921 ministrandi
1115 2899 1136 2936 ‚
1194 2850 1314 2912 sed
1366 2868 1571 2931 neque
1622 2846 2105 2935 participandi
2162 2845 2404 2935 absque
2472 2850 2873 2921 sacerdotis

631 2972 852 3041 opera.
908 2950 1048 3017 Sed
1105 2948 1539 3038 unusquisque
1599 2959 1894 3014 nostrum
1930 2998 1951 3037 ,
2015 2947 2087 3014 in
2150 2970 2277 3038 qua
2331 2954 2687 3020 vocatione
2745 2978 2860 3024 vo-

632 3072 824 3123 catus
874 3071 978 3122 est
1019 3052 1057 3122 ὰ
1095 3052 1298 3142 De0,
1336 3052 1406 3149 in
1459 3071 1538 3119 ea
1592 3066 1881 3120 maneat.
1944 3049 2151 3120 Nihil
2203 3053 2384 3144 dici,
2439 3053 2617 3125 nihil
2680 3061 2862 3127 scri-

618 3159 693 3230 bi
734 3160 1143 3252 explicatius
1181 3158 1448 3248 potuit‚
1488 3170 1567 3225 ut
1597 3155 2143 3245 intelligeretur,
2179 3156 2353 3227 duas
2396 3160 2556 3226 istas
2597 3178 2829 3250 potes·

620 3281 803 3335 tates
854 3267 952 3334 ita
1000 3259 1440 3350 muneribu3‚
1490 3255 1992 3349 atqueofficiis
2030 3255 2073 3328 ὲ
2124 3260 2410 3331 Christo
2461 3262 2847 3353 disjunctas

632 3393 828 3456 esse,
870 3384 947 3437 ut
989 3390 1071 3434 ne
1134 3363 1530 3453 temporalis
1587 3378 1884 3452 potestas
1936 3365 2006 3431 in
2060 3365 2548 3455 temporalibus
2611 3368 2849 3436 eccle-

628 3473 954 3557 siasticae‚
995 3489 1119 3536 nec
1159 3467 1620 3536 ecclesiastica
1660 3467 1733 3535 in
1771 3466 2245 3538 ecclesiasticis
2285 3466 2645 3558 temporali
2682 3469 2846 3542 ullo

607 3571 850 3644 ·modo
891 3571 1375 3662 subjectaxsit..
1516 3629 1519 3638 .
1821 3588 1825 3592 ·
2159 3645 2166 3650 ,
2267 3641 2272 3648 .
2633 3639 2641 3645 ‚
2685 3659 2693 3668 ι
2771 3599 2792 3643 2>

609 3714 643 3723 -·
731 3675 988 3744 Senon.
1096 3673 1347 3766 Neque
1400 3695 1487 3743 ex
1536 3693 1622 3742 eo
1649 3722 1673 3764 ,
1724 3672 1916 3765 quod
1970 3673 2205 3772 Reges
2242 3691 2373 3768 pro
2429 3689 2675 3747 aeterna
2712 3674 2846 3774 υἰς-

712 3843 865 4013 ξι),
914 3835 1214 3919 Espenin
1243 3845 1540 3905 comment.
1580 3849 1657 3905 ad
1687 3843 2077 3907 Gratian.‘ad
2115 3821 2668 3928 dist.'96.²caiz.'1o.
2713 3833 2718 3840 ’

758 3933 831 4000 2‘)
882 3930 1064 3987 ‘Tom.
1109 3941 1161 4002 ς.
1196 3943 1345 3984 cone.
1382 3926 1568 3984 Labb.
1606 3941 1758 4005 pag.
1799 3928 1940 4002 426.
2243 3955 2248 3960 ·
2315 3957 2326 3962 -

772 4005 832 4090 ()
915 4011 1067 4072 Tom.
1104 4026 1161 4085 4.
1198 4004 1631 4086 concil..Hard.
1660 4020 1809 4089 pag.
1851 4023 1946 4085 ις.
