3275 4784
668 302 764 358 22
1417 298 1840 361 SECATIO
1940 300 1993 351 1.

616 421 1207 508 Constitutionum
1248 423 1530 492 istarum
1570 422 2050 513 auctor-quasi
2106 444 2192 491 ex
2258 417 2533 497 Christi
2585 424 2797 514 ipsius

614 546 961 623 praecepto
990 532 1331 609 ‚minorem
1370 527 1563 623 annis
1630 526 2130 620 quinquaginta
2174 525 2592 617 Episcopum
2658 551 2797 601 non

612 635 967 719 constitui,
1019 631 1207 722 quod
1238 651 1372 722 ego
1411 650 1543 699 non
1577 649 1812 721 purem
1846 632 2335 721 Apostolorum
2366 631 2689 718 cuiquam
2718 634 2791 705 in

613 756 911 806 mentem
954 735 1252 823 venisse,
1293 747 1532 826 utpote
1574 733 1693 826 qui
1773 734 2016 822 sciam,
2065 730 2476 801 Timotheum
2541 738 2791 807 admo-

614 843 779 908 dum
802 840 1121 930 juvenem
1157 837 1522 929 Ephesinae
1553 839 1877 908 Ecclesiae
1917 831 1959 907 ὲ
1995 835 2211 906 Paulo
2255 835 2465 905 fuisse
2517 862 2795 932 praepo-

613 945 821 1011 situm
861 928 979 1040 (1)
1037 940 1154 1011 Ait
1184 944 1712 1033 deinde‚editas
1753 938 1871 1009 has
1912 938 2459 1011 Constitutiones
2494 947 2535 1014 ὰ
2561 945 2793 1013 duode-

611 1044 739 1117 cim
765 1044 1117 1138 Apostolis
1137 1044 1351 1114 Paulo
1387 1061 1752 1138 praesente,
1778 1059 2127 1136 ac,septem
2163 1043 2460 1114 diaconis
2512 1036 2628 1147 (2)
2660 1050 2796 1117 An·

615 1170 702 1219 ne
744 1168 912 1236 vero
938 1152 1142 1222 etiam
1173 1147 1513 1242 Stephano
1546 1168 1870 1240 praesente
1899 1148 2350 1218 diaconorum
2380 1150 2797 1243 primicerio,

613 1272 826 1345 quem.
858 1276 1054 1324 nemo
1093 1256 1361 1345 ignorat
1394 1271 1550 1323 ante
1591 1251 1800 1322 Pauli
1825 1254 2340 1323 conversionem
2383 1254 2788 1342 martyrium

613 1357 907 1427 obiisse?
949 1358 1205 1427 Similia
1251 1354 1354 1426 his
1393 1372 1550 1428 sunt
1593 1357 1933 1449 permulta
1973 1357 2133 1424 alia.
2171 1354 2302 1424 Sed
2340 1360 2677 1444 arbitror,
2702 1377 2794 1427 ex

615 1459 725 1529 his
754 1461 1026 1553 liquido
1054 1478 1366 1530 constare
1385 1509 1405 1549 ,
1444 1483 1578 1531 non
1606 1483 1747 1531 esse
1789 1463 1949 1530 istas
1980 1460 2411 1549 Apostolicas
2437 1462 2797 1532 Constitu-

612 1566 876 1651 tione5‚
906 1586 1027 1634 nec
1066 1584 1233 1635 vero
1272 1565 1594 1635 collectas
1636 1560 2055 1635 &Clemente
2087 1560 2338 1632 Virum
2390 1568 2567 1634 enim
2611 1562 2796 1633 fuis·-

623 1690 734 1756 se,
776 1668 1176 1751 Clementem
1209 1682 1282 1738 et
1325 1668 1519 1758 pium
1556 1686 1624 1736 et
1664 1666 1946 1737 doctum
1971 1665 2058 1733 ab
2087 1666 2387 1756 antiquis
2449 1691 2623 1759 saepe
2655 1686 2798 1738 tra-

624 1772 1017 1859 ditumest.
1046 1775 1373 1849 Auctoris
1412 1770 2005 1859 constitutionum
2032 1769 2364 1839 inscitiam
2396 1774 2610 1841 multa
2639 1785 2796 1839 sunt

625 1896 778 1965 quae
817 1876 1155 1965 produnt,
1195 1874 1580 1965 cujusmodi
1647 1872 1820 1943 illud
1860 1889 1999 1962 est,
2050 1871 2241 1963 quod
2308 1873 2476 1945 huic
2537 1874 2798 1944 homini

620 1975 943 2068 Apostoli
971 1971 1103 2046 fari
1130 1978 1361 2047 adhuc
1392 1992 1708 2068 poterant
1734 1980 1939 2048 etiam
1967 1977 2337 2046 demortui.
2368 1978 2645 2048 Deinde
2673 2001 2799 2049 va-

616 2099 771 2149 nam
797 2100 939 2150 esse
981 2076 1156 2150 hanc
1197 2076 1514 2150 Turriani
1554 2083 2021 2171 opinationem
2062 2079 2223 2148 inde
2262 2082 2563 2172 colligo,
2603 2077 2794 2171 quod

622 2204 749 2252 nec
789 2178 1254 2275 Epiphanius,
1294 2204 1418 2253 nec
1467 2181 1931 2274 Athanasius,
1967 2204 2094 2252 nec
2166 2178 2494 2253 Eusebius
2533 2186 2796 2275 uspiam

622 2285 954 2366 Clementi
982 2283 1124 2359 hoc
1163 2306 1336 2379 opus
1375 2289 1709 2358 tribuant.
1857 2345 1863 2353 .
1948 2308 1952 2313 ·
2488 2336 2492 2343 -

727 2381 984 2461 Senot..
1089 2389 1264 2459 Vid.
1308 2390 1582 2459 Natalis
1625 2386 2021 2459 Alexander
2045 2383 2299 2487 Saectl.
2330 2389 2601 2459 dissert.
2677 2411 2792 2483 19.

612 2487 862 2563 Petrus
899 2489 1211 2565 Colletus
1237 2488 1555 2563 Proelect.
1584 2490 1908 2585 Theolog.
1939 2507 2096 2559 tom.
2128 2492 2198 2560 8.
2226 2490 2496 2562 dissert.
2533 2516 2600 2563 2.
2620 2511 2792 2586 pag.

636 2617 809 2684 572.
846 2593 1046 2666 Guil.
1087 2611 1315 2665 autem
1356 2596 1714 2668 Whistoni
1744 2594 2054 2686 placida,
2093 2610 2170 2661 ut
2210 2596 2324 2663 ille
2376 2598 2500 2684 ait,
2552 2596 2800 2666 deliria

621 2694 883 2769 refellit
922 2713 1243 2770 accurate
1296 2697 1547 2781 Joann.
1588 2695 1899 2772 Clericus
1936 2697 2009 2766 in
2047 2697 2321 2769 dissert.
2363 2700 2444 2769 de
2497 2700 2796 2773 Constit.

623 2800 944 2896 Apostol.
983 2805 1043 2891 §.
1090 2822 1117 2872 ι
1142 2827 1205 2873 1.
1245 2823 1428 2896 seqq.

736 2936 741 2943 ·
1476 2906 1573 3001 ις.
1692 2904 1932 2989 mx.

1286 3160 1291 3167 .
1327 3050 1562 3169 Cujus
1599 3056 1761 3133 sint
1788 3060 2091 3135 aetatis..

782 3212 947 3302 Quo
986 3236 1156 3288 vero
1204 3229 1554 3309 tempore,
1589 3231 1712 3287 aut
1750 3212 1792 3287 ὲ
1828 3239 1970 3308 quo
1996 3215 2262 3288 conditi
2301 3217 2436 3285 sint
2473 3210 2794 3287 Canones

627 3317 1044 3411 Apostolici‘i
1085 3319 1420 3410 Quande,
1460 3342 1580 3392 aut
1613 3318 1656 3392 ὲ
1696 3341 1837 3413 quo
1864 3323 2173 3391 collectae
2222 3316 2803 3391 Constitutiones‘i

625 3424 949 3515 ambigua
975 3423 1058 3493 lis
1100 3440 1223 3493 est.
1288 3424 1490 3495 Alius
1524 3425 1676 3494 aliis
1714 3447 1827 3493 eas
1864 3426 2304 3493 collectiones
2378 3424 2800 3512 temporibus

626 3527 961 3599 vindicat.
998 3523 1312 3597 Canones
1365 3528 1782 3621 Beveregius
1844 3527 2115 3595 labente
2166 3526 2473 3593 secundo
2523 3527 2800 3612 saeculo,

625 3647 746 3699 aut
771 3648 958 3701 certe
995 3630 1195 3702 initio
1223 3631 1408 3702 tertii
1440 3633 1526 3702 ab
1553 3628 1881 3701 Ecclesiis
1909 3627 2327 3719 Apostolicis
2352 3627 2695 3710 conditos,
2725 3642 2798 3694 et

631 3737 702 3803 in
743 3733 955 3826 hanc,
993 3758 1128 3826 qua
1168 3756 1350 3806 nune
1399 3751 1585 3826 sunt,
1638 3731 1932 3806 formam
1995 3731 2322 3802 collectos
2381 3729 2623 3797 statuit
2683 3718 2802 3826 (3)

709 3904 800 3983 (1)
882 3909 1014 3966 Lib.
1043 3925 1099 3966 2.
1125 3921 1252 3981 cap.
1292 3927 1341 3965 1.
1364 3905 1489 3981 Cofl
1520 3904 1812 3985 Bingham
1843 3903 1942 3963 lib.
1975 3925 2027 3964 2.
2059 3917 2180 3979 cap.
2224 3921 2312 3961 10.
2350 3903 2402 3980 §.
2444 3922 2472 3962 1

720 3985 818 4068 (2)
901 3989 1036 4044 Lib.
1086 3990 1138 4045 8.
1173 3999 1296 4065 cap.
1333 4005 1393 4062 4.

715 4065 810 4149 (3)
893 4069 965 4122 In
981 4066 1110 4125 Cod.
1146 4064 1357 4127 Canon.
1386 4065 1561 4143 prim.
1581 4062 1647 4121 E
1652 4061 1818 4122 ecles.
1852 4060 2020 4121 vind.
