3275 4784
734 272 834 350 94
1500 269 1935 328 sl-:c‘rro
2033 268 2093 322 1.

649 396 1009 486 aliquando
1048 393 1376 487 quispiam
1414 394 1908 486 Apostolorum
1951 391 2169 481 judex·
2204 389 2457 460 sederit
2494 387 2861 490 hominum,

644 515 763 566 aut
806 499 1064 568 divisor
1116 500 1575 584 terminorum,
1627 515 1748 566 aut
1804 495 2211 565 distributor
2259 510 2620 565 terrarum.
2675 498 2851 569 Ste-

646 602 816 669 tisse
882 602 1157 690 denique
1223 603 1377 692 lego
1440 599 1805 690 Apostolos
1858 600 2293 688 judicandos,
2337 600 2602 679 sedisse
2650 600 2856 690 judi-

640 716 1023 813 cantes‘non
1065 704 1216 796 lego
1246 725 1343 771 :tt
1399 702 1592 795 Ergo
1633 702 2165 791 incriminibus,
2214 721 2335 769 non
2374 702 2446 767 in
2479 705 2846 792 possessio-

639 807 829 873 nibus
892 823 1201 897 potestas
1278 822 1563 875 vestra:
1636 806 1938 895 quoniam
1995 818 2272 894 propter
2338 803 2532 892 illas
2585 819 2657 875 et
2717 829 2844 876 non

624 925 911 999 propter
985 909 1110 977 has
1173 910 1528 999 accepistis
1593 910 1821 977 claves
1888 909 2084 1000 regni
2147 907 2446 975 coelorum
2474 930 2498 975 ε
2566 910 2847 998 praeva-

640 1014 969 1081 ricatores
1025 1015 1256 1103 utique
1312 1014 1691 1100 exclusuri,
1757 1034 1878 1080 non
1936 1029 2344 1102 possessores
2371 1032 2513 1078 tte:
2584 1011 2864 1080 Habent?

644 1112 785 1183 haec
839 1108 1059 1198 infima
1113 1133 1181 1182 et
1245 1133 1513 1185 terrena
1576 1115 1842 1205 judices
1910 1136 2094 1200 suos‚
2158 1112 2388 1207 Reges
2448 1130 2516 1183 et
2586 1114 2872 1195 Princi-

636 1234 761 1307 pes
817 1234 1044 1287 terrae.
1106 1219 1297 1308 Quid
1343 1212 1515 1302 fines
1567 1221 1822 1288 alienos
1874 1215 2253 1288 invaditis?

686 1328 697 1337 ‘
744 1320 1003 1390 Senot..
1054 1318 1057 1321 ’
1117 1322 1351 1391 Multa
1397 1322 1729 1390 Batonius
1768 1323 1837 1390 in
1879 1345 2029 1390 ann.
2072 1323 2164 1389 ad
2210 1342 2359 1387 ann.
2423 1341 2542 1407 57.
2599 1309 2666 1391 n.
2724 1340 2861 1410 24.

636 1444 816 1513 seqq.
861 1425 949 1494 de
982 1423 1351 1516 judiciaria
1394 1423 1720 1493 Ecclesiae
1763 1441 2099 1514 potestate
2151 1423 2601 1512 disputabat,
2655 1440 2725 1494 et
2768 1441 2848 1494 ut

641 1546 967 1616 apparet,
1021 1528 1307 1597 Paulum
1356 1529 1428 1597 in
1480 1528 1533 1595 Ι.
1572 1527 1890 1596 Corinth.
1941 1547 2088 1618 cap.
2138 1525 2260 1592 VI.
2302 1548 2373 1613 4.
2411 1526 2510 1594 ita
2550 1529 2852 1617 capien-

642 1630 808 1695 dum
846 1630 1225 1717 statuebat,
1269 1648 1345 1698 ut
1389 1630 1713 1697 videatur
1744 1633 2025 1699 omnino
2053 1627 2485 1719 prohibuisse
2514 1626 2870 1699 Christia··⁴

637 1731 738 1797 nis
783 1732 891 1819 jus
932 1752 1130 1797 suum
1181 1753 1411 1799 coram
1463 1731 1742 1800 ethnico
1800 1732 2218 1821 Magistratu
2275 1724 2596 1821 prose'qui
2627 1757 2650 1800 ε
2691 1732 2851 1824 jus-

634 1832 793 1898 sisse
847 1849 1077 1899 autem
1130 1855 1363 1901 causas
1412 1855 1685 1922 omneS,
1735 1837 2006 1903 tametsi
2047 1837 2340 1903 maxime
2394 1837 2681 1922 civiles,
2746 1835 2841 1904 ad

634 1932 1057 2024 Episcopum
1086 1933 1384 2022 deferri,
1412 1937 1693 2029 ejusque
1723 1938 2164 2029 adquiescere
2191 1941 2573 2008 sententiae.
2606 1939 2843 2024 Quam

633 2036 1188 2109 doctissimorum
1229 2043 1581 2109 annalium
1609 2043 2224 2111 ecclesiasticorum
2253 2043 2610 2132 scriptoris
2644 2045 2855 2116 intet-

639 2145 1097 2231 pretationem
1150 2147 1504 2236 egregiam
1558 2163 1766 2215 vocat
1805 2147 1914 2216 vir
1962 2147 2128 2214 clar.
2182 2143 2442 2214 Placid.
2499 2144 2859 2213 Fixlmill-

637 2266 762 2312 ner
811 2244 1118 2316 Exercit.
1177 2269 1242 2315 2.
1299 2268 1458 2318 sect.
1501 2275 1573 2337 4.
1615 2251 1675 2334 §.
1729 2274 1851 2337 44.
1904 2267 2044 2318 not.
2094 2263 2455 2337 censetque
2512 2243 2555 2314 ὲ,
2607 2263 2859 2316 mente·

637 2347 835 2415 Pauli
878 2373 1080 2439 quarn
1122 2352 1514 2440 longissime
1555 2352 1900 2421 aberrasse
1944 2352 2355 2442 Espenium‚
2394 2350 2853 2440 Basnagium,

635 2449 1095 2536 Bohtnerum,
1146 2454 1266 2540 qui
1309 2474 1465 2520 eum
1506 2469 1773 2522 textum
1813 2454 2345 2544 intelligendum
2386 2453 2722 2524 volebant
2759 2453 2853 2522 de

634 2551 964 2640 arbitri0‚
1003 2574 1122 2621 seu
1155 2552 1508 2644 judicibus
1549 2554 1971 2646 litigantium
2011 2558 2357 2625 communi
2399 2556 2845 2646 compromis-

633 2674 710 2722 so
764 2655 1039 2748 electiS‚
1100 2674 1309 2747 atque
1360 2660 1536 2729 adeo
1588 2659 1869 2748 publica
1920 2679 2349 2748 nequaquam
2412 2661 2843 2727 auctoritate

633 2759 969 2848 praeditis·
1021 2761 1236 2846 Atqui
1290 2759 1434 2825 haec
1475 2777 1701 2825 tamen
1741 2761 2117 2844 communis
2152 2774 2255 2822 est
2291 2756 2842 2844 catholicorum,

635 2861 874 2948 paucis
914 2858 1246 2943 demptis,
1296 2858 1429 2923 loci
1473 2857 1669 2922 istius
1707 2857 2223 2946 interpretatio‚
2275 2876 2482 2944 quam
2524 2855 2705 2926 nihil
2747 2863 2855 2929 vi·

636 2958 809 3045 deo,
848 2978 973 3026 cut
1010 2954 1457 3025 deserendam
1495 2974 1837 3048 putemus.
1890 2957 2085 3027 Audi
2140 2959 2320 3028 enim
2359 2957 2456 3027 D.
2494 2959 2844 3031 Thomam

638 3060 710 3128 in
746 3079 905 3129 eum
949 3060 1267 3150 Apostoli
1311 3059 1588 3130 locum:
1645 3051 1791 3129 Sed
1826 3059 2138 3148 videtur,
2191 3061 2460 3152 inquit,
2510 3085 2648 3132 esse
2685 3087 2850 3133 con-

638 3178 756 3233 tra
808 3165 926 3255 id,
990 3163 1162 3256 quod
1223 3165 1479 3233 dicitur
1524 3163 1582 3231 Ἰ.
1635 3161 1843 3244 Petri
1896 3164 1981 3234 Π.
2044 3164 2317 3233 Subditi
2383 3183 2602 3236 estote
2656 3167 2845 3236 omni

641 3264 957 3338 humanae
1014 3285 1354 3338 creaturae
1408 3284 1691 3360 propter
1752 3266 2025 3359 Deum,
2088 3269 2236 3338 sive
2285 3267 2469 3359 Regi
2519 3274 2844 3359 tanquam

643 3368 1312 3459 praecellenti,‘sive
1352 3371 1671 3440 Ducibus
1723 3387 2065 3461 tanquam.
2103 3370 2189 3439 ab
2240 3391 2325 3439 eo
2365 3372 2602 3439 missis.
2656 3370 2839 3439 Per-

639 3474 814 3540 tinet
870 3476 1040 3540 enim
1091 3473 1181 3539 ad
1236 3476 1710 3543 auctoritatem
1776 3472 2123 3565 Principis
2172 3474 2483 3564 judicare
2541 3472 2622 3548 de
2679 3471 2836 3540 sub-

636 3574 831 3642 ditis.
885 3572 1016 3641 Est
1055 3596 1216 3666 ergo
1253 3593 1481 3644 contra
1520 3577 1636 3666 jus
1689 3577 1983 3646 divinum
2024 3576 2422 3667 prohibere,
2477 3576 2649 3663 quod
2684 3575 2828 3664 ejus

625 3676 886 3767 judicio
939 3699 1060 3744 non
1112 3694 1371 3767 stetur,
1425 3681 1484 3748 si
1539 3681 1636 3749 sit
1690 3673 2002 3764 infidelis.
2056 3681 2195 3748 Sed
2245 3679 2617 3759 dicendum,
2665 3676 2840 3766 quod

588 3778 1008 3870 ‘Apostolus
1084 3803 1204 3848 non
1268 3781 1641 3872 prohibet,
1740 3785 1896 3872 φαίη
1954 3775 2194 3866 fideles
2269 3780 2386 3850 sub
2459 3773 2835 3863 infidelibus

640 3881 1072 3975 Principibus
1125 3886 1481 3952 constituti
1532 3888 1601 3953 in
1666 3907 1882 3954 eorum
1922 3884 2201 3975 judicio·
2243 3899 2660 3976 compareant
2692 3934 2713 3972 ,
2772 3881 2832 3949 si

644 4003 1003 4083 vocentur;
1066 3986 1189 4061 hoc
1253 3988 1421 4058 enim
1484 4003 1657 4057 esset
1721 4004 1954 4060 contra
2005 3988 2507 4083 subjectionem,
2566 4010 2707 4079 quae
2755 3984 2831 4053 de
