3275 4784
737 266 876 342 190
1475 258 1904 340 secrso
1983 259 2091 312 ιι.

677 408 805 458 nec
860 387 1274 478 destruens,
1336 388 1544 455 immo
1598 386 1805 453 etiam
1857 403 2136 451 servans
2190 402 2269 451 ac
2325 403 2658 475 sequens:
2704 391 2868 476 quod

680 494 844 563 licet
897 494 1229 564 diversum
1276 493 1349 559 in
1401 489 1698 559 diversis
1755 487 2138 556 nationibus
2168 537 2189 576 ,
2254 490 2347 554 ad
2402 512 2587 558 unum
2658 507 2862 563 tamen

676 599 1087 687 eumdemque
1137 590 1339 680 finem
1392 609 1676 661 terrenae
1721 592 1918 680 pacis
1969 592 2400 680 intenditur,
2456 594 2517 660 si
2578 597 2855 688 religio-

674 723 813 767 nem
842 752 864 789 ,
918 723 1043 790 qua
1111 724 1271 767 unus
1313 720 1589 766 summus
1631 713 1700 765 et
1742 718 1938 764 verus
1980 695 2173 765 Deus
2227 697 2536 766 colendus
2575 699 2852 792 docetur,

670 823 808 872 non
850 804 1163 894 impedit.
1202 795 1320 900 (ᾗ.
1365 793 1560 900 VI.)

769 906 1047 977 CoRoL.
1159 907 1270 976 Ex
1311 906 1606 977 adverso
1643 909 1902 994 autem,
1932 902 1987 972 si
2031 903 2422 974 institutum
2465 906 2859 1001 quodpiam,

661 1028 979 1102 respectu
1031 1011 1120 1080 ad
1169 1011 1694 1102 Rempublicam
1760 1007 1999 1077 habito
2029 1059 2051 1099 ,
2116 1030 2393 1098 prorsus
2430 1028 2532 1079 est
2579 1012 2856 1082 indiffe-

662 1134 853 1205 rens,
898 1118 1222 1207 pietatem
1276 1138 1443 1186 vero
1494 1115 1584 1184 ad
1627 1117 1956 1183 virtutem
2014 1112 2350 1205 adjuvare
2401 1130 2688 1203 aptum,
2737 1138 2856 1187 sua

658 1215 1044 1288 Ecclesiam
1083 1222 1154 1288 in
1182 1218 1669 1290 constituendo
1711 1218 2030 1287 libertate
2074 1214 2216 1286 frui
2246 1218 2607 1307 patiantur
2636 1219 2853 1313 Reges

656 1323 948 1411 perinde
1003 1346 1274 1418 aequum
1327 1340 1448 1394 est.
1491 1323 1598 1392 De
1656 1321 1899 1389 Marca
1939 1321 2058 1389 lib.
2108 1313 2176 1390 2ss
2215 1334 2367 1411 cap.
2414 1316 2486 1388 6.
2529 1325 2596 1408 §.
2638 1318 2708 1392 6.

758 1428 1017 1499 Senon.
1124 1430 1283 1497 Hoc
1311 1427 1487 1498 illud
1518 1427 1816 1495 arbitror
1842 1448 1984 1494 esse
2006 1425 2154 1517 juS,
2183 1422 2374 1516 quod
2399 1426 2574 1496 clar.
2613 1426 2852 1498 Scrodt

640 1544 1053 1618 potestatem
1102 1532 1371 1623 imperii
1410 1533 1642 1602 civilis
1684 1531 2202 1599 condirectivam
2245 1544 2508 1618 vocat,
2553 1532 2855 1622 pariter-

649 1655 785 1721 que
826 1636 1255 1724 principibus
1299 1636 1609 1704 vindicat
1653 1635 1878 1701 lnstit.
1907 1635 2051 1722 jur.
2094 1654 2322 1701 canon.
2352 1631 2472 1701 lib.
2515 1657 2580 1702 1.
2632 1638 2751 1703 tit.
2783 1657 2850 1705 2.

645 1736 706 1819 §.
761 1759 788 1801 1
814 1758 926 1803 12.
983 1736 1095 1803 At
1132 1760 1293 1805 vero
1343 1759 1429 1804 ex
1480 1759 1591 1825 eo,
1633 1738 1860 1826 inquit
1891 1786 1913 1823 ,
1952 1737 2126 1825 quod
2149 1753 2457 1827 potestas
2494 1737 2845 1807 ecclesias·

642 1837 783 1906 tica
835 1841 1281 1932 intelligatur
1336 1840 1573 1931 absque
1625 1841 2026 1909 detrimento
2096 1857 2166 1910 et
2218 1841 2660 1910 diminutione
2723 1844 2848 1911 im-

626 1941 819 2032 perii
867 1945 1101 2013 civilis
1132 1995 1153 2034 ,
1203 1944 1454 2014 abunde
1506 1946 1822 2014 elucescit
1853 1997 1874 2037 ,
1926 1966 2157 2015 causas
2198 1946 2573 2035 disciplinae
2628 1963 2696 2015 et
2724 1965 2849 2038 po-

639 2044 817 2138 litige
856 2047 925 2114 in
974 2046 1283 2119 Ecclesia
1343 2068 1640 2119 externae
1694 2072 1816 2118 non
1869 2065 2210 2140 exemptas
2271 2068 2411 2118 esse
2446 2047 2486 2116 ὰ
2513 2048 2686 2140 jure
2737 2074 2854 2120 re·-

623 2150 772 2242 giae
810 2152 1275 2244 inspectionis,
1312 2174 1391 2224 ne
1434 2172 1558 2245 per
1611 2153 1940 2223 instituta
1982 2152 2440 2223 ecclesiastica
2491 2153 2847 2224 violentur

621 2252 790 2345 jura
840 2272 910 2323 et
971 2257 1328 2326 libertates
1383 2275 1609 2326 status
1650 2257 1912 2349 publici
1942 2281 1965 2349 ς
2019 2260 2212 2327 immo
2264 2252 2525 2342 referri
2585 2260 2684 2335 ad
2717 2280 2846 2351 po·

627 2372 946 2427 testatem
974 2362 1243 2450 imperii
1283 2361 1514 2430 civilis
1542 2361 2137 2451 condirectivam,
2174 2377 2498 2452 quatenus
2537 2357 2652 2430 hae
2688 2386 2846 2433 cau-

629 2480 721 2528 sae
757 2484 897 2530 cum
948 2477 1137 2529 statu
1190 2478 1259 2530 et
1312 2463 1642 2555 regimine
1680 2463 1969 2555 politico
2035 2465 2496 2535 connexionem
2557 2464 2848 2538 habent:

627 2563 791 2633 adeo
840 2581 917 2633 ut
970 2567 1156 2660 leges
1224 2567 1697 2639 ecclesiasticae
1765 2588 1836 2640 et
1888 2571 2240 2661 speciatim
2294 2567 2494 2639 bullae
2549 2564 2863 2660 pontifi-

622 2665 750 2737 ciae
805 2670 1314 2763 disciplinares,
1364 2694 1491 2762 qua
1558 2675 1843 2760 mixtae,
1896 2697 2017 2744 non
2088 2690 2346 2745 tantum
2387 2672 2472 2739 ab
2525 2676 2854 2743 auctori-

617 2785 774 2841 tate
838 2773 1201 2861 Ecclesiae,
1262 2777 1386 2840 sed
1444 2774 1529 2840 ab
1574 2777 1856 2862 imperio
1910 2791 1980 2839 et
2033 2774 2510 2860 approbatione
2559 2773 2847 2865 Regum

617 2889 692 2940 et
756 2873 1147 2962 Principum
1208 2872 1620 2938 saecularium
1674 2890 1855 2938 suam
1919 2871 2060 2939 vim
2136 2871 2511 2941 obtineant.
2563 2872 2847 2947 Simili-

616 2988 725 3040 ter
775 2975 981 3042 etiam
1024 2970 1623 3147 {zanttenstraueh
1671 2972 1811 3067 jam
1865 2991 2026 3047 ante
2092 2973 2337 3047 docuit
2390 2975 2628 3050 Instit.
2687 2981 2844 3075 jur.

624 3076 865 3147 eccles.
906 3080 966 3166 §.
1079 3098 1149 3149 2.

1502 3299 1566 3389 §.
1656 3295 1956 3374 CXVII.

989 3497 1289 3580 Deinde
1321 3499 1461 3604 jus
1512 3520 1881 3600 suprema?
1933 3480 2456 3600 inspectionis.

769 3699 1088 3772 Alterum
1131 3722 1235 3776 est
1263 3705 1377 3798 jus
1418 3722 1733 3797 supremae
1789 3705 2224 3799 inspectionis
2251 3757 2276 3795 ,
2328 3701 2527 3772 situm
2580 3700 2648 3769 in
2679 3717 2825 3794 po-

613 3820 871 3880 testate
904 3811 1339 3901 cognoscendi
1377 3810 1644 3902 omnia,
1682 3834 1826 3901 quae
1866 3811 1935 3877 in
1988 3809 2346 3880 territorio
2404 3805 2728 3895 civitatis
2782 3808 2828 3877 ὰ

611 3933 999 4004 quocumque
1055 3926 1397 4006 geruntur
1439 3963 1460 4002 ,
1527 3914 1853 4003 dandique
1915 3913 2222 4006 operam,
2275 3927 2469 3981 utne
2516 3910 2678 4004 quid
2726 3933 2827 3981 ex

593 4012 690 4082 iis
749 4014 1155 4116 Respublica
1258 4016 1645 4093 detrimenti
1696 4017 1954 4116 capiat.
2016 4017 2210 4091 Inter
2257 4016 2398 4088 alia
2427 4014 2824 4113 Majestatis
