3275 4784
1249 240 1367 324 ca
1386 267 1429 322 ι»
1456 266 1512 321 u
1543 264 1597 321 ‘r
1669 238 1728 320 ἰ
1753 268 1785 320 ι
1807 240 1867 322 '1-
2501 264 2597 348 75

451 382 597 466 earn
639 384 933 465 fortasse
961 385 1055 462 ob
1081 407 1355 460 causam
1390 385 1603 460 fuisse
1629 357 2140 481 adjudicatam,
2166 360 2358 480 §uod
2384 408 2472 460 ex
2500 388 2646 482 ejus
2745 442 2754 450 .

272 572 296 587 ,
406 500 409 503 “
452 498 733 568 decreto
761 492 1175 587 deprompta
1204 509 1418 583 esset,
1443 490 2026 586 quemadmodum
2056 512 2184 586 pro
2207 512 2397 564 more
2423 496 2645 568 aetatis

451 599 887 673 Breviarium
923 594 1191 667 Anium·
1221 646 1244 687 ,
1290 595 1479 689 quod
1516 617 1603 667 ex
1642 593 2000 666 Theodosii
2045 597 2487 690 desumptum
2540 613 2648 672 est
2767 690 2774 698 ἢ

450 702 718 776 Codice
744 751 771 792 ‚
823 702 1037 803 ipsius
1073 697 1362 771 Codicis
1399 700 1676 771 nomine
1710 699 1854 770 dici
1887 700 2301 797 laudarique
2336 700 2541 774 solet.
2633 704 2636 713 '

556 806 819 877 Senot..
858 805 920 874 Ι.
1025 803 1404 876 Decretum
1441 802 1680 875 lvonis
1719 824 1859 875 una
1919 825 2079 874 cum
2138 804 2286 897 ejus
2330 805 2658 901 epistolis

454 909 721 1003 prodiit
758 908 1060 979 Lovanii
1109 929 1263 977 ann.
1325 930 1352 975 ι
1374 903 1546 997 561.
1599 924 1889 978 curante
1950 907 2221 989 Joanne
2285 906 2658 983 Molinaeo.

455 1013 590 1083 Sed
626 1027 902 1106 praestat
938 1012 1164 1082 editio
1198 1010 1506 1081 Parisina
1542 1031 1703 1080 cum
1739 1011 1892 1081 aliis
1929 1012 2066 1081 viri
2118 1013 2336 1081 sancti
2369 1006 2658 1107 scriptis

456 1139 603 1187 ann.
655 1109 878 1207 1647.
913 1135 1086 1188 cura
1124 1115 1379 1197 Joann.
1417 1113 1791 1187 Frontonis
1839 1135 2003 1199 curn
2040 1108 2368 1186 Soucfieti
2408 1137 2488 1187 ac
2527 1117 2575 1200 J
2581 1139 2653 1188 u-

459 1222 590 1293 reti
617 1220 690 1289 in
715 1219 1042 1311 epistolas
1058 1219 1263 1291 notis.
1293 1217 1659 1290 Panormia
1673 1217 1934 1312 prodiit
1947 1217 2233 1288 Basileae
2248 1243 2399 1289 ann.
2427 1241 2649 1315 1499.

459 1342 669 1416 opera
704 1322 859 1392 Seb.
899 1321 1146 1393 Bra‘nt.
1187 1337 1337 1391 tum
1375 1320 1677 1393 Lovanii
1706 1344 1857 1391 ann.
1904 1345 1932 1392 1
1953 1342 2126 1412 577.

560 1425 816 1497 Senon.
855 1426 958 1495 ΙΙ.
1064 1425 1388 1516 Laudant
1414 1422 1617 1495 Gorr.
1656 1424 1861 1496 Rom.
1899 1423 2399 1495 collectionem
2438 1426 2651 1516 Poly-

461 1532 651 1629 carpi
689 1530 964 1599 nomine
1000 1532 1364 1622 scriptam,
1360 1528 1585 1621 quus
1624 1522 1888 1600 auctor
1900 1546 2007 1599 est
2035 1550 2174 1601 non
2201 1528 2655 1625 Polycarpus,

461 1635 649 1725 quod
692 1616 974 1705 videtur
1011 1630 1388 1703 credidisse
1427 1632 1676 1702 Franc.
1717 1631 2046 1727 Florens,
2083 1653 2325 1703 verum
2365 1631 2654 1729 Grego-

462 1739 600 1806 rius
640 1736 1054 1831 Presbyter,
1086 1735 1416 1825 Ecclesiae
1448 1732 2024 1828 Compostellanae
2063 1731 2496 1827 Cardinalis,
2525 1741 2650 1830 qui

464 1838 969 1913 collectionem
979 1842 1243 1933 ipsam,
1295 1838 1760 1932 Polycarpum
1812 1840 2181 1932 inscripsit.
2219 1837 2655 1913 Concinnata

467 1959 568 2014 est
606 1945 792 2015 circa
839 1942 1143 2014 medium
1182 1943 1414 2015 saeculi
1468 1936 1907 2014 duodecimi}
1946 1942 2040 2013 de
2077 1966 2268 2035 qua,
2307 1961 2387 2014 ut
2423 1945 2512 2015 de
2550 1967 2660 2017 ce·

466 2048 628 2117 teris
665 2068 756 2118 ex
790 2046 1035 2118 eadem
1074 2063 1276 2119 aetate
1313 2042 1698 2118 Cddicibus
1735 2044 1906 2119 vide
1933 2046 2187 2129 Joann.
2214 2044 2500 2141 Doujat.
2528 2049 2655 2131 lib.

483 2171 546 2240 3
548 2158 733 2247 cap.
774 2171 907 2319 29.
920 2152 1130 2244 seqq‘.
1394 2254 1419 2261 ..

940 2314 952 2323 “
1184 2312 1191 2319 ’
1341 2344 1786 2451 §.1Lv111.

808 2561 1020 2666 Quis
1066 2574 1149 2640 et
1208 2560 1468 2661 qualis
1515 2559 1788 2658 fuerit
1845 2526 2325 2641 Gratianuss

633 2773 790 2857 Jam
825 2770 917 2842 ad
950 2768 1356 2861 Gratianum
1390 2769 1883 2863 venio,‚‚cuju,s
1930 2793 2073 2864 prae
2135 2770 2453 2844 omnibus
2479 2821 2505 2862 ,
2539 2778 2658 2865 qui

473 2888 632 2951 a‘nte
656 2878 879 2969 ipsum
907 2873 1284 2946 canonibus
1311 2870 1728 2967 colligendis
1756 2894 2034 2966 operam
2065 2877 2449 2966 navabant,
2476 2872 2665 2948 fama

478 2979 806 3069 deinceps
842 2982 1133 3049 maxime
1173 2976 1421 3050 valuit.
1461 2975 1782 3047 Natione'
1807 2972 2187 3055 Hetruscus
2226 2977 2408 3069 fuit,
2434 2978 2668 3049 Clusi-

473 3100 603 3153 nus
639 3081 908 3175 patria;
945 3102 1098 3152 nam
1144 3081 1427 3151 omnino
1467 3075 1809 3149 falluntur
1833 3129 1856 3167 ,
1907 3082 2027 3170 qui
2080 3079 2506 3150 classensem
2545 3079 2667 3152 fa·-

474 3187 693 3257 ciunt.
731 3181 1155 3255 Adolescens
1191 3182 1501 3275 regulam
1538 3181 1620 3251 S.
1653 3181 2011 3251 Benedicti
2051 3178 2397 3274 professus
2437 3182 2669 3252 Bono-

476 3289 608 3358 niae
640 3289 713 3357 in
751 3286 1184 3359 Monasterio
1222 3286 1304 3356 S.
1342 3282 1410 3355 F
1412 3282 1656 3376 elicii
1709 3285 2135 3376 temporibus
2184 3284 2482 3354 Conradi
2532 3285 2661 3359 111.

476 3391 640 3484 Imp.
690 3391 913 3485 vixit,
962 3408 1104 3485 quo
1150 3406 1461 3482 tempore
1513 3384 1962 3481 Alexander,
2012 3390 2131 3480 qui
2181 3387 2436 3458 deinde
2486 3411 2670 3459 sum-

479 3512 667 3566 mum
703 3492 1194 3566 Pontificatum
1230 3494 1525 3586 adeptus
1562 3509 1703 3582 est,
1737 3492 2199 3587 Theologiam
2251 3491 2347 3562 ibi
2390 3494 2668 3586 publice

482 3584 1098 3695 profitebatur(1).
1122 3596 1492 3688 Ingenium
1512 3594 1621 3665 illi
1643 3593 1788 3664 fuit
1798 3614 2075 3668 acutum
2103 3600 2263 3667 satis
2290 3600 2361 3666 in
2390 3597 2670 3667 Parrum

484 3701 891 3789 sententiis,
929 3696 1545 3791 Conciliorumque
1583 3721 1663 3768 ac
1715 3698 2165 3772 Pontificum.
2193 3701 2489 3771 decretis
2540 3721 2668 3792 pro

487 3820 613 3871 suo
645 3801 937 3874 modulo
989 3804 1484 3895 conciliandis3
1534 3802 1656 3872 sed
1694 3803 1959 3896 minus,
2011 3824 2213 3897 quam
2265 3802 2673 3896 oportebat,

548 3947 660 4035 (ι)
741 3950 884 4014 Via.
907 3953 1178 4014 Bohmer.
1202 3955 1341 4014 diss.
1373 3955 1527 4014 decr.
1552 3949 1829 4017 Gratian.
1864 3954 1922 4033 §.
1952 3971 2011 4033 9.
2058 3953 2308 4017 Heme.
2341 3955 2402 4010 in
2431 3949 2672 4013 ffistor.

486 4029 1462 4116 Jur.ub....2§61(not...1)
1637 4065 1647 4072 ·
