3275 4784
579 265 722 321 222
1027 269 1032 274 ’
1334 256 1717 311 SECTIO
1824 259 1933 313 11.

520 389 854 458 rationem
893 383 1039 480 ejus
1076 397 1273 471 sunt,
1309 382 1428 470 qui
1456 403 1526 451 se
1555 379 1792 450 dicant
1820 381 2077 450 nullam*
2104 384 2520 473 perspicere.
2547 387 2719 468 Sunt

516 508 852 584 praeterea
881 538 908 580 ,
953 488 1096 581 'qui
1146 483 1647 555 Ecclesiasticae
1704 484 2025 555 libertati
2085 485 2447 558 adversam
2502 493 2722 565 vehe-

515 611 783 665 menter
818 589 1272 664 contendunt.
1328 586 1542 674 Quod
1596 588 1878 681 quidem
1928 603 2251 660 neutrum
2292 611 2535 663 verum
2570 615 2714 667 est.

515 700 561 779 -J
568 722 646 768 us
682 700 862 769 enim
901 694 1167 766 Placiti
1205 692 1423 786 Regii
1463 714 1619 786 pars
1654 709 1761 762 est
1798 693 2156 784 potestatis
2209 694 2397 764 illius
2426 745 2449 784 ,
2489 720 2708 789 quam

496 804 619 893 jus
645 821 972 895 supremae
1010 797 1440 888 inspectionis
1481 796 1899 887 compellant
1937 797 2165 868 civilis
2197 796 2531 871 doctrinae
2560 803 2715 874 Ma-

511 908 764 996 gistri-e
825 925 966 996 quo
1025 900 1361 995 quidem,
1426 902 2353 992 quoniam-imperio,.civili
2395 924 2521 995 per
2552 929 2705 979 ‚sese

502 1003 729 1098 inest,
768 1009 825 1076 si
863 1008 1017 1099 quis
1053 1006 1331 1096 privare
1369 1022 1663 1074 conetur
1698 1003 2124 1096 Principem,
2165 1005 2222 1072 is
2259 1003 2511 1077 eadem
2544 1016 2708 1101 ope²

509 1132 585 1181 ra
624 1110 1172 1203 imperium‘illi,
1212 1109 1765 1201 majestatemque
1814 1109 2026 1200 ipsam
2066 1109 2342 1198 eripere!
2380 1125 2707 1184 coneture

498 1214 751 1307 Neque
791 1235 961 1285 vero
1000 1215 1444 1284 metuendum
1482 1229 1622 1302 est,
1663 1233 1747 1281 ne
1784 1215 1839 1279 si
1877 1212 2273 1303 Principum
2312 1211 2702 1303 inspectio-u

502 1319 576 1387 ni
616 1316 1288 1394 obnoxia-dicentur
1319 1315 1733 1386 Pontificum
1772 1315 2126 1405 instituta,
2164 1313 2413 1385 horum
2449 1318 2703 1390 videa-

503 1440 663 1490 mur
725 1421 1211 1492 auctoritatem
1248 1414 1436 1490 infra
1484 1417 1763 1512 Regum
1810 1418 2226 1511 majestatem
2293 1417 2696 1516 detrudere,

501 1544 872 1617 rerumque
923 1545 1268 1595 sacrarum
1305 1521 2018 1593 administrationem
1999 1523 2288 1613 imperio
2314 1522 2508 1593 civili
2539 1526 2702 1595 suba

488 1626 742 1718 jicere,
784 1629 1001 1695 inanis
1041 1631 1322 1718 inquam
1362 1625 1476 1695 hic
1528 1642 1752 1694 metus
1804 1621 2085 1695 futurus
2134 1641 2264 1695 est.
2302 1623 2468 1696 Non
2502 1629 2697 1699 enini

482 1732 564 1804 in
593 1751 675 1800 eo
717 1746 1030 1801 versatur
1056 1738 1343 1799 examen
1378 1725 1632 1799 isthoc
1627 1745 1854 1819 atque
1886 1728 2266 1820 judicium,
2274 1729 2497 1800 sit'ne'
2508 1749 2703 1802 con-

492 1834 770 1900 stitutio
798 1832 1160 1901 Pontificia
1179 1834 1557 1924 ,praeceptis
1597 1833 1955 1923 religionis
1986 1831 2406 1923 conformis,
2434 1833 2529 1903 -an
2557 1836 2697 1904 ad*

489 1955 730 2023 versat,
773 1952 999 2025 recta,
1036 1957 1126 2005 an
1160 1957 1486 2026 erronea,
1526 1935 1733 2004 saluti
1775 1938 2159 2007 animarum
2187 1936 2377 2005 utilis
2418 1933 2706 2030 futuras

498 2058 590 2107 an
652 2059 900 2128 secus,
961 2059 1167 2130 quam
1229 2040 1360 2111 sibi
1423 2053 1860 2132 potestatem,
1886 2059 2189 2131 unquam
2256 2037 2690 2130 adrogarunt

484 2141 798 2231 religiosi
853 2141 1253 2235 Principes:
1300 2143 1421 2213 sed
1470 2146 1542 2212 in
1582 2140 1756 2233 hoe,
1815 2145 1990 2213 sitne
2044 2145 2114 2212 in
2156 2164 2236 2212 ea
2273 2140 2681 2237 quidquam,

484 2247 679 2334 quod
718 2244 1005 2326 Juribus
1042 2246 1335 2340 Regiis,
1383 2245 1616 2339 Regni
1671 2248 2105 2340 privilegiis,
2170 2244 2359 2337 quod
2411 2245 2687 2338 legibus

493 2345 746 2418 Patriae
776 2401 801 2439 ,
865 2369 987 2421 aut
1050 2350 1404 2438 libertati,
1470 2351 1916 2420 securitative
1981 2351 2241 2421 civium
2315 2368 2683 2443 repugnet:

493 2471 791 2540 quarum
833 2472 1057 2519 rerum
1108 2452 1448 2541 judicium
1506 2453 1741 2539 eequis
1780 2455 1884 2519 est
1910 2500 1933 2538 ,
1972 2455 2091 2540 qui
2133 2452 2403 2522 audeat·
2429 2459 2689 2544 negare

489 2552 980 2642 Principibus?
1020 2568 1142 2621 aut
1181 2554 1237 2621 si
1274 2550 1521 2621 horum
1569 2551 1848 2623 eveniat
1885 2553 2148 2654 aliquid
2177 2600 2204 2642 ,
2255 2555 2409 2642 quis
2443 2543 2686 2646 inique

484 2650 840 2725 facturum
877 2657 1324 2746 imperantem
1362 2654 1664 2745 dixerit,
1701 2656 1758 2724 si
1800 2677 1939 2725 non
1976 2658 2154 2723 sinat
2191 2655 2528 2745 publicari
2571 2658 2681 2728 le-

488 2778 650 2851 gem
715 2759 1096 2828 nocituram
1162 2759 1468 2850 populo,
1530 2758 1727 2848 cujus
1776 2755 2184 2827 felicitatem
2231 2757 2379 2826 sibi
2399 2762 2603 2830 novit
2635 2775 2691 2830 a

497 2864 645 2931 Deo
684 2858 1199 2930 concreditam‘2
1435 2895 1440 2902 ι
1876 2887 1939 2928 νῆ»
2008 2890 2017 2902 ’

592 2964 850 3037 Senon,
925 2960 987 3032 Ι.
1092 2961 1424 3052 Praeclare
1487 2958 1953 3034 Stokmannus
1981 2983 2003 3031 t
2056 2959 2336 3055 Populo
2326 3014 2365 3051 ,
2430 2964 2684 3058 inquit,

483 3063 594 3135 his
656 3063 941 3136 moribus
1004 3063 1086 3135 ab
1148 3068 1318 3138 omni
1376 3067 1686 3137 memoria
1754 3066 2075 3157 adsueto,
2130 3069 2464 3158 exemplis
2539 3086 2676 3139 tam

482 3170 870 3239 illustribus
909 3171 1093 3239 donis
1132 3171 1463 3242 instructo
1490 3219 1514 3262 ,
1560 3185 1666 3240 tot
1716 3171 2091 3240 rationibus
2122 3220 2147 3260 ,
2194 3177 2272 3239 et.
2308 3168 2672 3256 Nationum

477 3294 784 3343 consensu
834 3271 1148 3363 suffulto,
1210 3290 1410 3367 atque
1461 3276 1621 3345 adeo
1675 3271 2198 3365 adstipulatione
2235 3273 2445 3364 ipsius
2484 3271 2674 3341 Pon-

480 3370 689 3460 tificis
737 3380 985 3448 munito
1013 3427 1044 3467 ,.
1084 3379 1199 3467 qui
1235 3399 1397 3448 nunc
1437 3379 1654 3446 bullas
1681 3379 1953 3467 quasvis
1988 3376 2059 3446 in
2097 3379 2240 3446 acie
2275 3375 2489 3466 campi
2515 3372 2693 3445 Flo·-

477 3503 575 3549 rae
604 3483 1066 3572 promulgatas
1108 3500 1237 3573 pro
1291 3482 1553 3573 legibus
1615 3479 1884 3548 obtrudi
1943 3500 2132 3570 posse
2151 3498 2164 3522 i
2182 3478 2466 3566 volunt,
2524 3480 2668 3547 sine

467 3582 736 3675 placito
769 3582 1114 3673 Principis
1145 3630 1167 3671 ,
1190 3585 1345 3651 ;sine
1386 3582 1685 3651 examine
1720 3580 2269 3653 Consiliariorum
2304 3582 2680 3673 regiorum,

483 3687 681 3775 idque
719 3683 1117 3754 Proceribus
1156 3686 1385 3754 Curiae
1419 3683 1732 3755 Romanae
1770 3686 2333 3775 blandiloquentia
2381 3705 2499 3753 sua
2536 3708 2686 3754 con·

464 3782 758 3874 fidenter
796 3788 1169 3875 inculcant,
1224 3810 1331 3857 eos
1381 3810 1506 3881 ego
1560 3810 1764 3880 neque
1802 3790 2044 3881 probos
2093 3791 2276 3858 cives
2339 3810 2478 3857 esse
2535 3788 2685 3879 ajo,

487 3892 659 3983 quod
679 3940 685 3947 -
694 3901 1086 3983 praesentent
1124 3891 1542 3982 Reipublicae
1567 3917 1576 3930 ’
1603 3911 1856 3961 statum
1907 3908 1976 3962 et
2017 3915 2122 3964 nes
2161 3891 2316 3960 bene
2356 3894 2684 3983 composi-

483 4012 590 4064 tas
628 3995 1051 4087 conturbent,
1103 4017 1303 4088 neque
1344 3996 1534 4072 bonos
1588 3996 1909 4068 Romanis
1957 3996 2380 4067 consiliarios
2420 4016 2679 4089 sugge-
