3275 4784
705 244 848 320 12⁴6
1407 261 1884 315 .sEeT10
1982 263 2037 312 1.

524 394 532 401 '
639 389 813 456 Saec.
856 389 1014 454 XV.
1060 385 1227 452 diss.
1273 409 1345 473 4.
1425 384 1575 462 Jac.
1618 384 1864 474 Benig.
1942 382 2230 451 Bossuet
2267 381 2339 449 'in
2406 374 2657 466 defens.
2712 384 2834 452 de·-

638 494 809 558 clar.
862 492 1062 560 Cleri
1080 488 1331 557 Gallie.
1374 488 1494 554 lib.
1547 509 1611 572 5.
1655 504 1724 555 et
1765 508 1834 571 7.
1874 504 2019 576 cap.
2074 510 2138 554 1.
2179 503 2249 553 et
2291 508 2470 574 seqq.
2534 486 2826 557 Du-Pin

636 597 716 661 de
757 597 968 683 antiq.
1011 593 1269 660 Eccles.
1302 591 1571 679 discipl.
1616 591 1893 657 dissert.
1938 586 2008 658 6.
2052 606 2120 658 et
2188 590 2305 679 qui
2365 589 2489 656 hos
2553 594 2824 680 sequuti

635 716 807 766 sunt.
831 696 1020 766 Clar.
1048 697 1136 766 de
1175 696 1525 787 Riegger,
1586 693 2009 784 FebroniuS,
2065 692 2434 782 Nellerus,
2471 691 2821 763 Rautens-

640 799 912 871 traueh-

1470 905 1531 988 §.
1612 899 1942 971 XCVIII.

1253 1051 1540 1149 Capita
1606 1051 2216 1147 reformationis.

781 1212 1145 1282 Exstincto
1174 1211 1586 1280 Pontificum
1604 1210 1896 1279 dissidio
1913 1261 1935 1299 ‚
1952 1211 2040 1279 de
2069 1206 2568 1280 reformatione
2588 1208 2822 1281 Eccle-

619 1319 735 1385 siae
776 1319 845 1384 in
883 1320 1110 1407 capite
1150 1334 1220 1385 et
1262 1316 1575 1383 membris
1613 1337 1702 1383 ex
1742 1317 2062 1383 instituto
2093 1315 2442 1406 agendum
2483 1311 2645 1382 fuit.
2677 1312 2816 1382 Ur-

625 1420 881 1508 gebant
927 1423 1111 1490 illam
1146 1420 1412 1510 ingenti
1443 1417 1678 1487 studio
1719 1435 1868 1487 tum
1919 1417 2191 1505 Patres,
2242 1436 2390 1486 tum
2431 1416 2819 1485 Nationum

624 1521 965 1612 Deputati
990 1573 1011 1612 ,
1082 1545 1222 1612 prae
1298 1524 1553 1590 ceteris
1614 1518 1938 1617 Joannes
1976 1519 2341 1609 Gersonus,
2419 1517 2673 1588 Petrus
2740 1523 2823 1588 de

623 1626 944 1713 Alliam,
986 1643 1054 1694 et
1094 1626 1419 1693 Nicotaus
1485 1625 1564 1690 de
1617 1624 2052 1716 Clemangis‚
2103 1626 2227 1714 qui
2282 1641 2444 1715 apta
2495 1622 2820 1693 abusibus

619 1728 946 1798 tollendis
978 1728 1280 1798 remedia
1300 1778 1323 1813 ‚
1349 1729 1701 1795 sanctione
1735 1723 2043 1795 Concilii
2069 1745 2145 1797 ut
2175 1728 2650 1815 firmarentur,
2678 1729 2818 1795 eni-

621 1848 707 1898 xe
746 1830 1210 1921 deposcebant
1272 1821 1412 1927 (1).
1454 1830 1652 1897 Inter
1674 1831 1885 1920 aliaS‚
1923 1832 2132 1899 etiam·
2159 1854 2279 1899 sua
2311 1881 2333 1918 ‚
2370 1853 2521 1923 quae
2549 1829 2819 1900 dudum

619 1937 973 2023 aegerrime
1005 1932 1311 2021 ferebat,
1354 1930 1764 2023 gravamina
1809 1932 2129 2002 exhibuit
2170 1934 2389 2003 Natio
2442 1931 2816 2002 Germani-

616 2058 732 2124 ca,
759 2038 999 2107 decem
1040 2053 1107 2106 et
1148 2054 1310 2106 octo
1346 2036 1659 2105 articulis
1697 2035 2195 2128 comprehensa
2234 2028 2374 2135 (2).
2416 2036 2571 2104 Nec
2615 2037 2819 2104 dissi-

617 2141 884 2212 mulant
921 2142 1196 2212 collecti
1235 2140 1506 2228 Patre3‚
1544 2163 1614 2208 se
1659 2144 1890 2231 magni
1935 2140 2136 2233 hujus
2166 2142 2431 2232 negotii
2457 2162 2663 2209 causa
2689 2160 2818 2230 po-

618 2247 952 2315 tissimum
990 2247 1233 2315 coisse.
1299 2244 1564 2315 Verum
1603 2249 1730 2314 etsi
1761 2244 2091 2315 Germani
2146 2245 2609 2335 disputassent
2641 2245 2820 2311 acri-

615 2363 724 2418 ter
764 2372 851 2418 ex
887 2351 1208 2438 advers0‚
1248 2352 1956 2438 protestationemque
1997 2350 2363 2417 solemnem
2399 2364 2470 2416 et
2497 2345 2818 2416 acerbam

616 2452 1183 2540 interposuissent
1211 2437 1357 2542 (3),
1388 2453 1563 2517 vicit
1601 2466 1827 2516 tamen
1871 2450 2207 2517 Italorum
2264 2452 2639 2539 sententia,
2678 2470 2818 2540 qua

614 2549 1060 2623 vehementer
1087 2549 1548 2638 suadebatur,
1587 2566 1795 2619 tantae
1834 2550 2028 2617 molis
2063 2554 2423 2640 negotium
2448 2551 2813 2621 commode

610 2669 817 2745 atque
860 2655 1164 2740 utiliter,
1222 2653 1348 2720 nisi
1406 2653 1627 2722 electo
1697 2673 1882 2721 novo
1947 2652 2323 2740 Pontifice,
2385 2652 2630 2722 confici
2673 2673 2814 2725 non

611 2778 833 2848 posse.
865 2756 1136 2825 Verum
1163 2755 1746 2847 illicoapparuit‚
1773 2754 2029 2823 callido
2065 2754 2140 2823 id
2170 2759 2427 2847 magi8‚
2453 2776 2656 2846 quam
2686 2758 2817 2826 sin·

612 2879 772 2927 cero
810 2858 1104 2928 consilio
1143 2875 1377 2927 actum
1420 2880 1588 2927 esse.
1618 2856 1851 2926 Editis
1879 2860 2057 2926 enim
2101 2863 2335 2948 paucis
2363 2858 2550 2927 haud
2579 2863 2811 2951 magni

610 2965 937 3031 momenti
986 2962 1291 3031 decretis
1317 2952 1458 3059 (4),
1496 2961 1888 3032 Concilium
1929 2984 2002 3030 re
2045 2983 2256 3053 prope
2296 2960 2559 3032 infecta
2596 2964 2814 3032 disso-

610 3066 873 3154 lutum,
910 3068 1358 3156 omniumque
1399 3068 1581 3143 votis
1615 3067 1924 3155 expetita
1954 3064 2356 3135 reformatio
2385 3069 2456 3136 in
2483 3063 2809 3136 futurum

614 3166 1002 3240 Concilium
1045 3185 1203 3261 post
1240 3188 1457 3239 annos
1487 3170 1799 3260 quinque
1827 3169 2233 3260 vcogendum
2271 3170 2486 3239 dilata
2526 3185 2651 3238 est.

711 3273 969 3343 Senot..
1010 3273 1070 3342 Ι.
1178 3272 1330 3342 Prae·
1375 3262 1618 3342 ceteris
1681 3269 2108 3342 Nationibus
2171 3273 2483 3342 acerbius
2548 3288 2809 3361 quaesta

612 3392 712 3444 est
754 3376 1191 3446 Germanica.
1232 3373 1413 3445 Cum
1476 3377 1605 3445 illa
1657 3376 1747 3444 ad
1812 3377 2357 3466 quinquennium
2418 3374 2590 3442 inita
2645 3392 2805 3442 sunt

615 3480 1034 3551 concordata
1070 3479 1288 3547 relata
1341 3476 1384 3547 a
1425 3479 1784 3549 Leibnitio
1850 3481 1920 3546 in
1996 3479 2137 3547 cod.
2191 3477 2333 3568 jur.
2386 3493 2582 3570 gent.
2636 3477 2805 3569 dipl.

683 3672 780 3754 (1)
866 3678 1204 3743 ViatVan.
1233 3679 1336 3735 der
1387 3676 1604 3736 Hardt.
1638 3690 1773 3736 tom.
1816 3699 1864 3735 1.
1914 3689 2071 3751 part.
2110 3698 2164 3736 α.
2196 3697 2250 3750 3.
2290 3694 2404 3754 seq.

690 3755 780 3836 (2)
866 3756 1003 3816 Vici.
1041 3756 1190 3818 Clar.
1225 3756 1479 3817 Endres.
1505 3761 1565 3816 in
1589 3761 1729 3819 diss.
1764 3760 1834 3818 de
1878 3759 2075 3817 libert.
2124 3757 2362 3818 Eccles.
2401 3752 2611 3818 Germ.
2650 3761 2700 3838 ς.
2739 3777 2796 3841 7.

618 3856 1172 4004 paafgkiarduin.
1208 3931 1338 3978 tom.
1377 3921 1431 3979 8.
1464 3934 1604 3999 pag.
1644 3922 1778 3997 852.
2763 3889 2771 3907 ι

707 4008 797 4083 (4)
870 3997 1017 4087 Viti.
1050 4001 1299 4061 Natalis
1332 4001 1521 4063 Alex.
1557 4003 1663 4060 cit.
1699 4003 1837 4059 diss.
1878 4018 1933 4078 3.
1961 4000 2131 4079 §.41.
2158 4015 2257 4078 45.
2278 4002 2410 4077 46..
