3275 4784
671 251 824 347 *262
1428 269 1814 324 sEc‘rxo
1929 276 2040 328 11.

615 415 757 468 tur.
797 395 963 466 Pars
998 392 1252 468 deinde
1304 391 1423 463 illa
1461 393 2045 486 jurisprudentiae
2095 397 2429 467 naturalis
2460 451 2483 491 .,
2537 426 2690 494 quae
2729 431 2818 479 ex

613 519 860 572 natura
900 524 979 571 ac
1017 502 1153 570 fine
1193 500 1540 570 societatis
1586 500 1742 591 jura
1795 500 1990 574 ducit
2044 519 2112 570 et
2155 501 2619 595 obligationes
2649 559 2671 598 ‚
2722 513 2812 581 ad

608 610 1004 678 societatem
1054 603 1608 674 Christianorum
1664 604 2043 695 prudenter
2096 608 2439 696 applicata
2495 611 2636 679 dici
2690 617 2814 684 vix

611 729 879 801 potest,
932 730 1135 800 quam
1175 709 1516 798 insignem
1577 731 1777 775 usum
1831 708 2101 796 habeat.
2152 710 2523 781 Verissime
2577 734 2809 788 autem

603 813 871 882 Auctor
913 814 1397 905 principiorum
1438 811 1622 902 juris
1673 811 1928 902 publici
1977 812 2453 882 Ecclesiastici
2505 825 2796 911 monuit,

606 933 951 1008 antequam
1019 914 1362 1008 principia
1428 914 1613 1006 juris
1677 918 2013 985 naturalis
2079 918 2511 1007 applicantur
2584 929 2805 994 statui

605 1021 1089 1090 Ecclesiastico
1121 1071 1143 1109 ‚
1183 1020 1376 1088 enixe
1417 1021 1766 1088 curandum
1808 1043 1985 1108 esse,
2028 1037 2100 1089 ut
2144 1045 2359 1089 rerum
2400 1024 2606 1112 ideae,
2644 1031 2806 1115 qui-

604 1123 720 1195 bus
769 1127 909 1193 ista
965 1124 1338 1215 applicatio
1391 1124 1576 1192 velut
1647 1124 1913 1193 basibus
1970 1126 2292 1193 innititur
2324 1177 2343 1214 ,
2396 1129 2532 1194 sint
2596 1148 2802 1202 rectae

609 1251 685 1302 ac
720 1231 1054 1323 genuinae.
1107 1228 1286 1296 Nam
1336 1226 1445 1295 ubi
1487 1230 1556 1298 in
1599 1230 1848 1319 primis
1905 1229 2074 1296 ideis
2141 1230 2429 1295 occurrit
2491 1232 2797 1324 deceptio

597 1356 716 1410 non
752 1349 1039 1424 possunt
1102 1354 1225 1402 non
1287 1333 1513 1424 inepte
1566 1335 1902 1462 applicari
1971 1334 2312 1422 principia
2379 1351 2454 1401 et
2519 1339 2801 1427 sequelae

596 1436 782 1528 juris
839 1453 1123 1509 noturae.
1577 1495 1582 1508 .

703 1541 956 1611 Senon.
1064 1537 1277 1610 Conf.
1344 1541 1591 1609 Daries
1655 1558 1809 1610 tom.
1877 1565 1938 1608 1.
1993 1539 2247 1610 observ.
2306 1540 2453 1629 jur.
2513 1559 2658 1614 nat.
2723 1563 2797 1616 et

589 1659 786 1738 gent.
845 1644 1098 1712 observ.
1144 1664 1212 1734 9.
1274 1645 1596 1711 Illustriss
1606 1646 1765 1711 ‚de
1822 1645 2108 1711 Martini
2166 1647 2244 1711 de
2304 1645 2439 1736 leg.
2493 1652 2792 1721 natural.

597 1752 657 1833 §.
704 1769 874 1835 243.
917 1749 1183 1814 Auctor
1209 1745 1505 1836 princip.
1538 1747 1679 1836 jur.
1714 1745 1903 1835 publ.
1937 1744 2195 1812 Eccles.
2225 1767 2366 1835 cap.
2413 1772 2524 1836 17.
2556 1770 2793 1840 etprae

588 1853 833 1919 ceteris
872 1849 1004 1919 Vir
1052 1845 1236 1917 Clar.
1289 1849 1494 1928 Joan.
1561 1847 1824 1916 Endres
1867 1849 1934 1914 in
2001 1850 2163 1916 diss.
2220 1852 2300 1917 de
2355 1874 2564 1919 neces.
2628 1853 2784 1949 Ju-

591 1955 795 2042 rispr.
828 1970 1051 2021 natur.
1081 1974 1220 2021 cum
1249 1951 1505 2022 Eccles.
1534 1975 1746 2040 nexu,
1783 1968 1847 2020 et
1881 1952 2126 2020 illius
2101 1976 2168 2019 tn
2200 1951 2332 2022 hac
2363 1978 2506 2024 usu.
2538 1955 2785 2031 Exstat

589 2058 664 2124 in
701 2055 1063 2127 Schmidtii
1103 2055 1430 2128 Thesaur.
1469 2056 1614 2149 jur-².
1658 2055 1923 2125 Eccles.
1979 2072 2137 2127 tom.
2202 2081 2266 2126 1.

1468 2274 1927 2365 §.·chx.

937 2454 1091 2554 'Et
1122 2436 1344 2577 ju'ris
1383 2445 1652 2556 civilis
1678 2477 1977 2573 publici
2026 2484 2391 2558 universi.

746 2679 860 2752 De
916 2680 1075 2772 jure
1109 2697 1343 2761 autem
1372 2680 2042 2773 publicocivitatum
2090 2683 2259 2770 quid
2315 2683 2588 2751 dicam?
2653 2709 2785 2756 cu-

577 2783 689 2878 jus
728 2800 867 2854 tam
920 2801 1019 2853 est
1084 2800 1321 2872 aperta
1362 2784 1432 2850 in
1485 2781 1971 2850 Ecclesiastico
2028 2785 2181 2872 jure
2237 2789 2647 2873 necessum,
2702 2807 2780 2860 ut

584 2888 996 2977 dignitatem
1037 2883 1240 2974 hujus
1264 2904 1356 2951 .ac
1397 2882 1860 2972 praestantiam
1888 2933 1910 2971 ‚
1961 2905 2096 2974 qua
2140 2907 2209 2951 se
2253 2882 2461 2952 hodie
2517 2890 2778 2977 princi-

583 2987 785 3080 pibus
825 2989 1031 3078 etiam
1071 2989 1240 3056 viris
1286 2984 1768 3075 commendaq-
1801 2999 1903 3055 ex*
1932 2986 2115 3065 illius
2157 2990 2580 3077 potissi-mum
2621 3014 2779 3061 cum

581 3090 1148 3181 jurisprudentia
1184 3111 1373 3159 sacra
1414 3092 1898 3182 conjunctione
1940 3092 2155 3181 repeti
2198 3110 2517 3181 oportere
2543 3144 2565 3180 ,
2604 3098 2777 3183 peri·

585 3194 827 3268 tissimi
869 3194 1005 3277 viri
1046 3195 1463 3276 existiment.
1503 3187 1729 3287 Hujus
1758 3216 1999 3287 nempe
2039 3197 2188 3262 sive
2218 3194 2582 3286 neglectu,
2619 3198 2767 3268 sive

583 3300 1024 3394 ignoratione
1052 3350 1073 3388 ‚
1112 3301 1257 3376 sive
1300 3318 1603 3390 utraque
1636 3300 1725 3371 de
1762 3322 1968 3369 eausa
1996 3349 2017 3387 ,
2058 3299 2439 3389 pernitiosa
2459 3302 2537 3368 in
2580 3298 2774 3370 scho-

578 3403 676 3472 133
719 3420 977 3472 nostras
1033 3405 1305 3494 irrepsit
1357 3404 1676 3472 doctrina
1716 3406 1803 3473 de
1847 3403 2107 3472 tuenda
2170 3402 2497 3471 adversus
2543 3403 2772 3491 legem

575 3505 1006 3592 subditorum
1072 3506 1444 3594 libertate,
1484 3524 1553 3574 et
1605 3529 1755 3596 quae
1810 3529 1896 3576 ex
1951 3505 2080 3584 hac
2143 3505 2402 3595 prodiit
2468 3504 2764 3579 effraenis

580 3608 909 3705 quoaedam
931 3610 1036 3697 de
1087 3610 1357 3701 legibus
1409 3610 1829 3730 poenalibus
1859 3609 2197 3687 sentiendi
2261 3608 2562 3683 licentia.
2616 3607 2769 3682 Ea-

585 3714 880 3803 demque
919 3735 1172 3802 causa,
1210 3713 1616 3783 nobiliorem
1681 3715 1964 3794 ciuium
1997 3729 2308 3802 partem,
2362 3732 2559 3800 quae
2577 3711 2767 3780 clero

584 3833 902 3912 constat,
933 3838 985 3885 3
1005 3816 1249 3889 debito
1300 3815 1570 3906 legibus
1619 3816 2024 3908 Regnorum
2077 3813 2411 3904 obsequio
2465 3815 2775 3883 absolvi-

585 3943 765 4015 mus:
810 3919 1289 4002 jurisdictioni
1320 3918 1712 4008 Principum
1742 3919 2231 3988 subduximus:
2277 3938 2560 3986 onerum
2589 3918 2764 3985 com·

585 4012 889 4099 thunium
943 4024 1268 4113 societate
1323 4013 1746 4106 exemimus=
1802 4025 2364 4116 gravissimorum
2400 4021 2760 4098 criminum
