3275 4784
722 294 859 348 110
1486 286 1869 341 SEC‘rto
1981 287 2033 337 1.

653 440 869 488 merus
910 436 1166 508 nuper,
1203 414 1317 483 cui
1348 465 1370 501 ,
1405 428 1646 482 natura
1684 434 1903 482 rerum
1938 421 2288 502 spectata,
2328 406 2669 479 Ecclesiae
2708 435 2866 505 quo.

658 544 781 611 que
833 537 1203 612 competere
1260 518 1376 607 jus
1423 518 1829 585 immittendi
1884 536 2139 607 poenam
2206 516 2567 605 capitalem
2636 518 2853 593 visum

655 643 761 695 est
799 617 955 722 (1);
994 624 1212 691 eodem
1237 622 1395 711 jure
1432 623 1501 689 in
1541 622 1767 691 veteri
1819 635 2221 690 testamento
2257 640 2406 688 usos
2446 641 2588 688 esse
2620 645 2851 694 sacer-

654 729 836 799 dotes
865 753 886 796 ε
922 730 1276 797 immemor
1321 724 1609 794 fortasse
1663 726 1854 795 illius
1883 776 1906 814 ,
1943 724 2133 817 quod
2173 741 2274 795 est
2314 720 2356 792 ἐι
2395 723 2732 817 Cypriane
2768 732 2842 800 in

648 834 939 922 epistola
977 832 1067 900 ad
1108 830 1534 922 Pomponium
1573 831 1906 921 scriptum
1945 831 2267 920 egregie:
2306 821 2613 912 Interfici
2655 829 2843 903 Deus

634 934 849 1028 jussit
901 935 1354 1004 sacerdotibus
1419 934 1556 1001 suis
1610 956 1732 1002 non
1786 934 2308 1024 obtemperantes
2341 984 2362 1021 ,
2405 949 2474 1000 et
2504 928 2851 1022 ‘judicibus

649 1037 689 1107 ὰ
725 1064 797 1109 se
836 1041 926 1109 ad
958 1056 1214 1127 tempus
1253 1039 1644 1106 constitutis
1710 1061 1830 1107 non
1866 1039 2317 1107 obaudientes.
2373 1035 2473 1105 Et
2518 1051 2662 1105 tum
2695 1033 2854 1129 ¹qui·

645 1143 788 1212 dem
846 1144 1087 1237 gladio
1137 1142 1654 1230 occidebantur,
1707 1144 1959 1233 quando
2022 1140 2237 1209 adbuc
2292 1156 2361 1209 et
2426 1142 2846 1215 circumcisio

646 1249 940 1317 carnalis
978 1246 1329 1315 manebat:
1379 1269 1541 1315 nunc
1583 1262 1800 1314 autem
1841 1249 1998 1337 quia
2037 1245 2454 1314 circumcisio
2493 1247 2839 1337 spiritalis

644 1374 793 1419 esse
830 1351 1007 1443 apud
1031 1344 1267 1437 fideles
1323 1372 1546 1419 servos
1626 1351 1762 1419 Dei
1820 1352 2058 1442 coepit,
2100 1349 2411 1442 spiritali
2439 1350 2683 1443 gladio
2734 1370 2851 1419 su-

635 1457 836 1547 perbi
872 1473 941 1525 et
981 1473 1386 1524 contumaces
1448 1471 1806 1544 necantur,
1870 1457 2017 1523 dum
2056 1455 2135 1523 de
2188 1451 2493 1521 Ecclesia
2548 1454 2838 1544 ejiciun-

642 1576 758 1628 tur
797 1551 935 1658 (2).
978 1559 1193 1644 Quod
1235 1578 1305 1629 et
1346 1558 1777 1651 Augustinus
1817 1575 2052 1649 postea
2116 1556 2360 1627 docuit
2400 1558 2470 1625 in
2510 1557 2692 1626 libro
2746 1557 2832 1630 de

641 1664 779 1732 fide
822 1680 890 1731 et
932 1662 1252 1750 operibus
1294 1653 1443 1758 (3):
1483 1661 1776 1730 Phinees
1816 1661 2184 1747 Sacerdos,
2221 1663 2581 1752 inquiam,
2633 1663 2829 1731 adul-
2919 1753 2926 1758 ὴ

639 1782 819 1833 teros
857 1763 1052 1831 simul
1105 1765 1405 1831 inventos
1445 1758 1644 1845 ferro
1710 1765 1931 1833 ultore
1984 1757 2318 1856 confixit,
2382 1766 2555 1856 quod
2601 1765 2829 1855 utique

632 1865 1222 1960 degradationibus
1276 1884 1351 1935 et·
1384 1868 2157 1939 excommunicationibus
2212 1862 2663 1962 significatum
2703 1887 2829 1960 est,

635 1995 772 2041 esse
800 1965 1185 2055 faciendum
1236 1971 1356 2042 hoc
1396 1989 1686 2064 tempore
1715 2024 1736 2063 ,
1787 1997 1975 2065 quum
2024 1974 2093 2042 in
2149 1972 2471 2045 Ecclesiae
2525 1974 2835 2068 discipli-
2918 2021 2923 2026 -

640 2101 725 2146 na
764 2074 1064 2146 visibilis
1087 2071 1331 2163 fuerat
1372 2079 1656 2170 gladius
1695 2094 2097 2147 cessaturus.

735 2182 991 2251 Senon.
1100 2182 1206 2251 Ae
1257 2205 1340 2252 ne
1393 2184 1547 2273 quis
1613 2183 1930 2273 exempla
1983 2182 2181 2253 nobis
2222 2195 2520 2274 opponat
2573 2181 2824 2251 Ponti·-

629 2286 836 2355 fieum
868 2286 1043 2354 hanc
1071 2287 1199 2354 sibi
1240 2283 1723 2357 auctorit'atem
1764 2287 2306 2377 vindicantium,
2342 2283 2653 2356 adscribo
2691 2285 2821 2354 Pe-

633 2392 722 2457 tri
767 2390 1088 2459 Damiani
1144 2392 1503 2478 egregium
1555 2411 1834 2480 prorsus
1885 2413 2284 2480 responsum
2325 2389 2444 2459 lib.
2509 2414 2585 2478 4.
2625 2389 2825 2480 epist.

632 2514 704 2582 9.
743 2490 833 2559 ad
889 2490 1129 2557 Older.
1187 2490 1488 2558 Firman.
1555 2491 2012 2583 Episcopum:
2064 2494 2262 2561 Sicut
2325 2495 2470 2583 ipse
2511 2493 2644 2561 Dei
2698 2492 2823 2560 Fi-

631 2595 767 2663 lius
836 2609 1069 2661 cuncta
1121 2595 1341 2661 mundi
1396 2592 1735 2665 obstacula
1789 2619 1909 2665 non
1943 2614 2082 2685 ,per
2149 2597 2459 2665 districti
2510 2595 2832 2663 examinis

637 2699 952 2768 ultionem
986 2749 1007 2784 ,
1070 2697 1187 2764 sed
1233 2716 1362 2786 per
1420 2700 1748 2767 invictam
1809 2701 2158 2786 superavit
2225 2702 2629 2765 inconcussae
2693 2716 2838 2786 pa-

631 2803 899 2867 tientiae
951 2797 1410 2883 majestatem3
1461 2799 1567 2861 ita
1620 2800 1811 2864 docet
1875 2799 2097 2859 mundi
2149 2796 2401 2860 rabiem
2437 2798 2677 2884 potius
2733 2824 2840 2866 ιε·-

630 2900 1032 2989 quanimiter
1080 2888 1326 2983 ferre,
1390 2914 1578 2985 quam
1651 2894 1766 2963 vel
1822 2915 2007 2964 arma
2075 2895 2473 2987 corripere,
2536 2899 2648 2966 vel
2725 2901 2851 2969 Ice-

626 2999 813 3069 denti
880 2996 1253 3065 laesionibas
1315 2999 1707 3089 respondere
1734 3047 1758 3086 ,
1787 3000 2178 3090 praesertim
2221 3022 2411 3089 quum
2453 3000 2640 3071 inter
2687 3026 2844 3098 reg·

628 3125 775 3172 num
827 3117 897 3171 et
947 3102 1389 3171 sacerdotium
1446 3102 1732 3194 propria
1796 3101 2107 3194 cujusque
2167 3103 2690 3197 distinguantur
2746 3103 2843 3192 os·

613 3202 835 3298 ficia,
875 3222 949 3275 ut
1004 3223 1073 3275 et
1127 3204 1282 3273 Rex
1332 3206 1538 3274 armis
1588 3222 1827 3275 utatur
1881 3208 2107 3276 saeculi
2138 3257 2162 3296 ,
2219 3224 2283 3276 et
2348 3208 2673 3277 Sacerdos
2727 3231 2839 3278 ac-

631 3316 953 3406 cingatur
1023 3310 1264 3401 gladio
1327 3309 1664 3399 spiritus,
1713 3310 1827 3400 qui
1891 3326 1994 3378 est
2047 3310 2315 3394 verbum
2368 3311 2509 3381 Dei
2537 3334 2680 3379 ::::
2747 3313 2835 3380 Si

630 3438 794 3508 ergo
826 3433 953 3506 pro
977 3404 1115 3495 fide
1142 3463 1167 3500 ,
1201 3434 1329 3501 qua
1383 3415 1789 3483 universalis
1840 3414 2027 3484 vivit
2093 3413 2399 3483 Ecclesia
2434 3461 2457 3500 ,
2519 3435 2838 3503 nusquam

617 3516 864 3604 ferrea
901 3516 1153 3605 corripi
1203 3538 1386 3585 arma
1441 3519 1860 3605 conceditur,
1897 3519 2202 3607 quomodo
2230 3535 2358 3607 pro
2411 3519 2719 3585 terrenis
2761 3537 2840 3588 ac

632 3621 1056 3690 transitoriis
1087 3618 1407 3690 Ecclesiae
1432 3614 1895 3704 facultatibus
1950 3622 2257 3691 loricatae
2314 3621 2492 3689 acies
2547 3622 2619 3688 in
2657 3621 2834 3712 gla-

630 3724 773 3795 dios
825 3721 1381 3794 debacchantur?
1434 3724 1652 3796 Porro
1701 3726 1920 3797 sancti
1984 3726 2126 3796 viri
2174 3747 2363 3818 quum
2404 3724 2832 3820 praevalent,

723 3895 827 3969 (1)
907 3890 1028 3954 Cit.
1064 3894 1200 3952 diss.
1239 3896 1293 3971 §.
1327 3914 1423 3972 37.
1462 3899 1558 3974 38.

714 3971 833 4140 ξπ)
918 3975 1122 4047 Epist.
1172 3975 1271 4035 62.
1315 3977 1466 4036 edit.
1513 3977 1745 4036 Baiuz.

757 4054 833 4138 3)
921 4054 1062 4133 Cap.
1123 4073 1178 4118 2.
