<?xml version="1.0" encoding="UTF-8"?>
<!DOCTYPE html PUBLIC "-//W3C//DTD XHTML 1.0 Transitional//EN"
    "http://www.w3.org/TR/xhtml1/DTD/xhtml1-transitional.dtd">
<html xmlns="http://www.w3.org/1999/xhtml" xml:lang="en" lang="en">
 <head>
  <title>
</title>
<meta http-equiv="Content-Type" content="text/html;charset=utf-8" />
  <meta name='ocr-system' content='tesseract 3.04.00' />
  <meta name='ocr-capabilities' content='ocr_page ocr_carea ocr_par ocr_line ocrx_word'/>
</head>
<body>
  <div class='ocr_page' id='page_1' title='image "./praecognitajuri00unkngoog_0389.png"; bbox 0 0 3275 4784; ppageno 0'>
   <div class='ocr_carea' id='block_1_1' title="bbox 1236 266 2576 343">
    <p class='ocr_par' dir='ltr' id='par_1_1' title="bbox 1236 266 2576 343">
     <span class='ocr_line' id='line_1_1' title="bbox 1236 266 2576 343; baseline 0.007 -10"><span class='ocrx_word' id='word_1_1' title='bbox 1236 278 1588 333; x_wconf 72' lang='lat' dir='ltr'><strong>,cAeu&#39;r</strong></span> <span class='ocrx_word' id='word_1_2' title='bbox 1681 279 1812 339; x_wconf 61' lang='lat' dir='ltr'><strong>LV.</strong></span> <span class='ocrx_word' id='word_1_3' title='bbox 2483 266 2576 343; x_wconf 73' lang='lat'><strong>81</strong></span> 
     </span>
    </p>
   </div>
   <div class='ocr_carea' id='block_1_2' title="bbox 292 395 2648 2263">
    <p class='ocr_par' dir='ltr' id='par_1_2' title="bbox 292 395 2648 2263">
     <span class='ocr_line' id='line_1_2' title="bbox 430 395 2619 505; baseline -0 -23"><span class='ocrx_word' id='word_1_4' title='bbox 430 428 534 482; x_wconf 85' lang='lat' dir='ltr'><strong>ter</strong></span> <span class='ocrx_word' id='word_1_5' title='bbox 570 421 640 480; x_wconf 90' lang='lat' dir='ltr'><strong>et</strong></span> <span class='ocrx_word' id='word_1_6' title='bbox 666 404 923 478; x_wconf 76' lang='lat' dir='ltr'><strong>eximio</strong></span> <span class='ocrx_word' id='word_1_7' title='bbox 959 422 1110 472; x_wconf 88' lang='lat' dir='ltr'><strong>cum</strong></span> <span class='ocrx_word' id='word_1_8' title='bbox 1135 402 1404 496; x_wconf 85' lang='lat' dir='ltr'><strong>judicio</strong></span> <span class='ocrx_word' id='word_1_9' title='bbox 1443 405 1756 475; x_wconf 54' lang='lat' dir='ltr'><strong>collecta*</strong></span> <span class='ocrx_word' id='word_1_10' title='bbox 1778 401 2259 499; x_wconf 80' lang='lat' dir='ltr'><strong>illustrataque</strong></span> <span class='ocrx_word' id='word_1_11' title='bbox 2286 395 2438 505; x_wconf 86' lang='lat'><strong>(1),</strong></span> <span class='ocrx_word' id='word_1_12' title='bbox 2465 432 2619 501; x_wconf 80' lang='lat' dir='ltr'><strong>quae</strong></span> 
     </span>
     <span class='ocr_line' id='line_1_3' title="bbox 421 508 2622 600; baseline 0 -15"><span class='ocrx_word' id='word_1_13' title='bbox 421 538 559 585; x_wconf 89' lang='lat' dir='ltr'><strong>non</strong></span> <span class='ocrx_word' id='word_1_14' title='bbox 638 530 901 585; x_wconf 86' lang='lat' dir='ltr'><strong>tantum</strong></span> <span class='ocrx_word' id='word_1_15' title='bbox 982 510 1204 578; x_wconf 82' lang='lat' dir='ltr'><strong>veniae</strong></span> <span class='ocrx_word' id='word_1_16' title='bbox 1267 508 1518 580; x_wconf 76' lang='lat' dir='ltr'><strong>dandae</strong></span> <span class='ocrx_word' id='word_1_17' title='bbox 1574 525 1988 600; x_wconf 76' lang='lat' dir='ltr'><strong>potestatem</strong></span> <span class='ocrx_word' id='word_1_18' title='bbox 2026 559 2049 598; x_wconf 89' lang='lat'><strong>,</strong></span> <span class='ocrx_word' id='word_1_19' title='bbox 2115 533 2357 581; x_wconf 86' lang='lat' dir='ltr'><strong>verum</strong></span> <span class='ocrx_word' id='word_1_20' title='bbox 2436 537 2622 587; x_wconf 84' lang='lat' dir='ltr'><strong>usum</strong></span> 
     </span>
     <span class='ocr_line' id='line_1_4' title="bbox 412 614 2608 707; baseline 0 -18"><span class='ocrx_word' id='word_1_21' title='bbox 412 622 618 689; x_wconf 84' lang='lat' dir='ltr'><strong>etiam</strong></span> <span class='ocrx_word' id='word_1_22' title='bbox 646 616 1007 707; x_wconf 80' lang='lat' dir='ltr'><strong>potestatis</strong></span> <span class='ocrx_word' id='word_1_23' title='bbox 1037 637 1116 683; x_wconf 90' lang='lat' dir='ltr'><strong>ac</strong></span> <span class='ocrx_word' id='word_1_24' title='bbox 1148 614 1430 683; x_wconf 88' lang='lat' dir='ltr'><strong>modum</strong></span> <span class='ocrx_word' id='word_1_25' title='bbox 1471 614 2010 685; x_wconf 82' lang='lat' dir='ltr'>luculentissime</span> <span class='ocrx_word' id='word_1_26' title='bbox 2049 616 2608 693; x_wconf 76' lang='lat' dir='ltr'><strong>commonstrant.</strong></span> 
     </span>
     <span class='ocr_line' id='line_1_5' title="bbox 403 717 2615 813; baseline 0 -21"><span class='ocrx_word' id='word_1_27' title='bbox 403 722 658 813; x_wconf 86' lang='lat' dir='ltr'>Neque</span> <span class='ocrx_word' id='word_1_28' title='bbox 710 721 891 789; x_wconf 85' lang='lat' dir='ltr'><strong>enim</strong></span> <span class='ocrx_word' id='word_1_29' title='bbox 936 738 1070 808; x_wconf 68' lang='lat' dir='ltr'><strong>,pro</strong></span> <span class='ocrx_word' id='word_1_30' title='bbox 1133 738 1302 785; x_wconf 87' lang='lat' dir='ltr'><strong>vero</strong></span> <span class='ocrx_word' id='word_1_31' title='bbox 1355 717 1636 787; x_wconf 83' lang='lat' dir='ltr'><strong>admitti</strong></span> <span class='ocrx_word' id='word_1_32' title='bbox 1688 735 1966 810; x_wconf 86' lang='lat' dir='ltr'><strong>potest,</strong></span> <span class='ocrx_word' id='word_1_33' title='bbox 2016 719 2208 811; x_wconf 89' lang='lat' dir='ltr'><strong>quod</strong></span> <span class='ocrx_word' id='word_1_34' title='bbox 2273 725 2615 792; x_wconf 83' lang='lat' dir='ltr'><strong>recentio-</strong></span> 
     </span>
     <span class='ocr_line' id='line_1_6' title="bbox 399 821 2610 917; baseline -0 -20"><span class='ocrx_word' id='word_1_35' title='bbox 399 848 553 897; x_wconf 80' lang='lat' dir='ltr'><strong>rum</strong></span> <span class='ocrx_word' id='word_1_36' title='bbox 593 821 1050 917; x_wconf 83' lang='lat' dir='ltr'><strong>quorumdam</strong></span> <span class='ocrx_word' id='word_1_37' title='bbox 1110 823 1636 912; x_wconf 87' lang='lat' dir='ltr'><strong>intemperantia</strong></span> <span class='ocrx_word' id='word_1_38' title='bbox 1675 825 2024 894; x_wconf 88' lang='lat' dir='ltr'><strong>statuebat</strong></span> <span class='ocrx_word' id='word_1_39' title='bbox 2049 874 2074 910; x_wconf 88' lang='lat'><strong>.,</strong></span> <span class='ocrx_word' id='word_1_40' title='bbox 2125 825 2610 903; x_wconf 78' lang='lat' dir='ltr'><strong>solutumesse</strong></span> 
     </span>
     <span class='ocr_line' id='line_1_7' title="bbox 400 924 2609 1028; baseline 0 -28"><span class='ocrx_word' id='word_1_41' title='bbox 400 930 560 1028; x_wconf 79' lang='lat' dir='ltr'><strong>lege</strong></span> <span class='ocrx_word' id='word_1_42' title='bbox 602 931 788 996; x_wconf 88' lang='lat' dir='ltr'><strong>omni</strong></span> <span class='ocrx_word' id='word_1_43' title='bbox 826 928 1124 1018; x_wconf 83' lang='lat' dir='ltr'><strong>supremi</strong></span> <span class='ocrx_word' id='word_1_44' title='bbox 1167 928 1236 994; x_wconf 91' lang='lat' dir='ltr'><strong>in</strong></span> <span class='ocrx_word' id='word_1_45' title='bbox 1278 924 1591 1000; x_wconf 70' lang='lat' dir='ltr'><strong>Ecclesia</strong></span> <span class='ocrx_word' id='word_1_46' title='bbox 1620 927 1974 997; x_wconf 87' lang='lat' dir='ltr'><strong>Antistitis</strong></span> <span class='ocrx_word' id='word_1_47' title='bbox 2013 928 2453 1018; x_wconf 89' lang='lat' dir='ltr'><strong>dispensandi</strong></span> <span class='ocrx_word' id='word_1_48' title='bbox 2497 952 2609 1000; x_wconf 84' lang='lat' dir='ltr'><strong>ar·</strong></span> 
     </span>
     <span class='ocr_line' id='line_1_8' title="bbox 400 1020 2600 1128; baseline 0.002 -27"><span class='ocrx_word' id='word_1_49' title='bbox 400 1032 690 1101; x_wconf 89' lang='lat' dir='ltr'><strong>bitrium</strong></span> <span class='ocrx_word' id='word_1_50' title='bbox 731 1020 893 1128; x_wconf 84' lang='lat'>(2):</span> <span class='ocrx_word' id='word_1_51' title='bbox 937 1031 1124 1121; x_wconf 89' lang='lat' dir='ltr'><strong>quod</strong></span> <span class='ocrx_word' id='word_1_52' title='bbox 1156 1050 1412 1100; x_wconf 85' lang='lat' dir='ltr'><strong>vanum</strong></span> <span class='ocrx_word' id='word_1_53' title='bbox 1450 1030 1753 1099; x_wconf 73' lang='lat' dir='ltr'><strong>sordidae</strong></span> <span class='ocrx_word' id='word_1_54' title='bbox 1789 1030 2210 1102; x_wconf 81' lang='lat' dir='ltr'><strong>adulationis</strong></span> <span class='ocrx_word' id='word_1_55' title='bbox 2247 1055 2600 1104; x_wconf 84' lang='lat' dir='ltr'><strong>commen-</strong></span> 
     </span>
     <span class='ocr_line' id='line_1_9' title="bbox 407 1133 2614 1228; baseline 0.001 -23"><span class='ocrx_word' id='word_1_56' title='bbox 407 1152 559 1206; x_wconf 89' lang='lat' dir='ltr'><strong>tum</strong></span> <span class='ocrx_word' id='word_1_57' title='bbox 594 1135 730 1225; x_wconf 72' lang='lat' dir='ltr'><strong>iam</strong></span> <span class='ocrx_word' id='word_1_58' title='bbox 766 1136 930 1209; x_wconf 89' lang='lat' dir='ltr'><strong>olim</strong></span> <span class='ocrx_word' id='word_1_59' title='bbox 970 1134 1067 1201; x_wconf 88' lang='lat' dir='ltr'><strong>D.</strong></span> <span class='ocrx_word' id='word_1_60' title='bbox 1098 1134 1480 1207; x_wconf 84' lang='lat' dir='ltr'><strong>Bernardus</strong></span> <span class='ocrx_word' id='word_1_61' title='bbox 1523 1137 1807 1228; x_wconf 82' lang='lat' dir='ltr'><strong>egregie</strong></span> <span class='ocrx_word' id='word_1_62' title='bbox 1848 1133 2216 1207; x_wconf 81' lang='lat' dir='ltr'><strong>refellebat</strong></span> <span class='ocrx_word' id='word_1_63' title='bbox 2241 1187 2265 1227; x_wconf 93' lang='lat'><strong>,</strong></span> <span class='ocrx_word' id='word_1_64' title='bbox 2304 1140 2614 1228; x_wconf 71' lang='lat' dir='ltr'><strong>dissipa-</strong></span> 
     </span>
     <span class='ocr_line' id='line_1_10' title="bbox 396 1239 2606 1334; baseline 0.001 -24"><span class='ocrx_word' id='word_1_65' title='bbox 396 1239 647 1310; x_wconf 77' lang='lat' dir='ltr'><strong>tionem</strong></span> <span class='ocrx_word' id='word_1_66' title='bbox 714 1258 969 1313; x_wconf 82' lang='lat' dir='ltr'><strong>vocans</strong></span> <span class='ocrx_word' id='word_1_67' title='bbox 1033 1258 1170 1310; x_wconf 87' lang='lat' dir='ltr'><strong>non</strong></span> <span class='ocrx_word' id='word_1_68' title='bbox 1226 1241 1790 1331; x_wconf 76' lang='lat' dir='ltr'><strong>¹¹dispensationem</strong></span> <span class='ocrx_word' id='word_1_69' title='bbox 1845 1240 2400 1332; x_wconf 81' lang='lat' dir='ltr'><strong>indulgentiam,</strong></span> <span class='ocrx_word' id='word_1_70' title='bbox 2454 1266 2606 1334; x_wconf 78' lang='lat' dir='ltr'><strong>quae</strong></span> 
     </span>
     <span class='ocr_line' id='line_1_11' title="bbox 395 1341 2607 1436; baseline 0 -23"><span class='ocrx_word' id='word_1_71' title='bbox 395 1366 594 1414; x_wconf 86' lang='lat' dir='ltr'><strong>coeco</strong></span> <span class='ocrx_word' id='word_1_72' title='bbox 628 1360 868 1436; x_wconf 74' lang='lat' dir='ltr'><strong>‘atque</strong></span> <span class='ocrx_word' id='word_1_73' title='bbox 912 1343 1256 1417; x_wconf 81' lang='lat' dir='ltr'><strong>,illiberali</strong></span> <span class='ocrx_word' id='word_1_74' title='bbox 1324 1347 1585 1436; x_wconf 87' lang='lat' dir='ltr'><strong>impetu</strong></span> <span class='ocrx_word' id='word_1_75' title='bbox 1638 1341 2117 1434; x_wconf 84' lang='lat' dir='ltr'><strong>profunditur.</strong></span> <span class='ocrx_word' id='word_1_76' title='bbox 2170 1343 2267 1415; x_wconf 89' lang='lat' dir='ltr'><strong>Et</strong></span> <span class='ocrx_word' id='word_1_77' title='bbox 2331 1347 2401 1413; x_wconf 88' lang='lat' dir='ltr'><strong>in</strong></span> <span class='ocrx_word' id='word_1_78' title='bbox 2455 1349 2607 1435; x_wconf 88' lang='lat' dir='ltr'><strong>pri-</strong></span> 
     </span>
     <span class='ocr_line' id='line_1_12' title="bbox 406 1443 2604 1542; baseline 0.001 -24"><span class='ocrx_word' id='word_1_79' title='bbox 406 1451 540 1518; x_wconf 84' lang='lat' dir='ltr'><strong>mis</strong></span> <span class='ocrx_word' id='word_1_80' title='bbox 588 1448 869 1539; x_wconf 85' lang='lat' dir='ltr'><strong>quidem</strong></span> <span class='ocrx_word' id='word_1_81' title='bbox 909 1443 1199 1532; x_wconf 86' lang='lat' dir='ltr'><strong>infracti</strong></span> <span class='ocrx_word' id='word_1_82' title='bbox 1236 1450 1505 1521; x_wconf 86' lang='lat' dir='ltr'><strong>canonis</strong></span> <span class='ocrx_word' id='word_1_83' title='bbox 1559 1449 1869 1542; x_wconf 82' lang='lat' dir='ltr'><strong>gratiam</strong></span> <span class='ocrx_word' id='word_1_84' title='bbox 1912 1445 2215 1518; x_wconf 86' lang='lat' dir='ltr'><strong>faciebat</strong></span> <span class='ocrx_word' id='word_1_85' title='bbox 2255 1448 2604 1520; x_wconf 85' lang='lat' dir='ltr'><strong>interdum</strong></span> 
     </span>
     <span class='ocr_line' id='line_1_13' title="bbox 398 1549 2610 1645; baseline -0.001 -19"><span class='ocrx_word' id='word_1_86' title='bbox 398 1574 647 1627; x_wconf 83' lang='lat' dir='ltr'><strong>severa</strong></span> <span class='ocrx_word' id='word_1_87' title='bbox 694 1550 981 1621; x_wconf 81' lang='lat' dir='ltr'><strong>Patrum</strong></span> <span class='ocrx_word' id='word_1_88' title='bbox 1017 1551 1419 1642; x_wconf 86' lang='lat' dir='ltr'><strong>disciplina,</strong></span> <span class='ocrx_word' id='word_1_89' title='bbox 1460 1554 1736 1623; x_wconf 85' lang='lat' dir='ltr'><strong>veniam</strong></span> <span class='ocrx_word' id='word_1_90' title='bbox 1777 1549 2207 1645; x_wconf 79' lang='lat' dir='ltr'><strong>infringendi</strong></span> <span class='ocrx_word' id='word_1_91' title='bbox 2250 1571 2371 1622; x_wconf 89' lang='lat' dir='ltr'><strong>aut</strong></span> <span class='ocrx_word' id='word_1_92' title='bbox 2409 1576 2610 1624; x_wconf 89' lang='lat' dir='ltr'><strong>num-</strong></span> 
     </span>
     <span class='ocr_line' id='line_1_14' title="bbox 397 1654 2607 1750; baseline 0 -24"><span class='ocrx_word' id='word_1_93' title='bbox 397 1678 609 1750; x_wconf 87' lang='lat' dir='ltr'><strong>quam</strong></span> <span class='ocrx_word' id='word_1_94' title='bbox 659 1663 781 1724; x_wconf 82' lang='lat' dir='ltr'><strong>aut</strong></span> <span class='ocrx_word' id='word_1_95' title='bbox 824 1678 981 1724; x_wconf 89' lang='lat' dir='ltr'><strong>raro</strong></span> <span class='ocrx_word' id='word_1_96' title='bbox 1035 1654 1245 1723; x_wconf 88' lang='lat' dir='ltr'><strong>dabat</strong></span> <span class='ocrx_word' id='word_1_97' title='bbox 1274 1678 1296 1722; x_wconf 75' lang='grc' dir='ltr'><strong><em>ε</em></strong></span> <span class='ocrx_word' id='word_1_98' title='bbox 1352 1672 1656 1747; x_wconf 72' lang='lat' dir='ltr'><strong>neutram</strong></span> <span class='ocrx_word' id='word_1_99' title='bbox 1685 1706 1709 1744; x_wconf 92' lang='lat'><strong>,</strong></span> <span class='ocrx_word' id='word_1_100' title='bbox 1763 1657 1891 1725; x_wconf 91' lang='lat' dir='ltr'><strong>nisi</strong></span> <span class='ocrx_word' id='word_1_101' title='bbox 1930 1656 2100 1725; x_wconf 90' lang='lat' dir='ltr'><strong>dum</strong></span> <span class='ocrx_word' id='word_1_102' title='bbox 2150 1657 2265 1727; x_wconf 86' lang='lat' dir='ltr'><strong>vel</strong></span> <span class='ocrx_word' id='word_1_103' title='bbox 2304 1660 2607 1727; x_wconf 85' lang='lat' dir='ltr'><strong>necessi·</strong></span> 
     </span>
     <span class='ocr_line' id='line_1_15' title="bbox 298 1752 2632 1852; baseline -0 -20"><span class='ocrx_word' id='word_1_104' title='bbox 298 1763 305 1767; x_wconf 76' lang='grc'>’</span> <span class='ocrx_word' id='word_1_105' title='bbox 395 1776 507 1839; x_wconf 78' lang='lat' dir='ltr'><strong>tas</strong></span> <span class='ocrx_word' id='word_1_106' title='bbox 561 1760 892 1852; x_wconf 86' lang='lat' dir='ltr'><strong>urgebat,</strong></span> <span class='ocrx_word' id='word_1_107' title='bbox 944 1759 1060 1828; x_wconf 86' lang='lat' dir='ltr'><strong>vel</strong></span> <span class='ocrx_word' id='word_1_108' title='bbox 1110 1759 1538 1850; x_wconf 74' lang='lat' dir='ltr'><strong>provocabat</strong></span> <span class='ocrx_word' id='word_1_109' title='bbox 1577 1760 1888 1848; x_wconf 83' lang='lat' dir='ltr'><strong>utilitas,</strong></span> <span class='ocrx_word' id='word_1_110' title='bbox 1927 1760 2043 1829; x_wconf 84' lang='lat' dir='ltr'><strong>vel</strong></span> <span class='ocrx_word' id='word_1_111' title='bbox 2082 1756 2330 1852; x_wconf 71' lang='lat' dir='ltr'><strong>pax&#39;et</strong></span> <span class='ocrx_word' id='word_1_112' title='bbox 2365 1752 2632 1831; x_wconf 65' lang='lat' dir='ltr'><strong>chari-‘</strong></span> 
     </span>
     <span class='ocr_line' id='line_1_16' title="bbox 395 1862 2606 1960; baseline 0 -25"><span class='ocrx_word' id='word_1_113' title='bbox 395 1876 508 1941; x_wconf 68' lang='lat' dir='ltr'><strong>fas</strong></span> <span class='ocrx_word' id='word_1_114' title='bbox 547 1863 991 1955; x_wconf 85' lang='lat' dir='ltr'><strong>deposcebat.</strong></span> <span class='ocrx_word' id='word_1_115' title='bbox 1020 1862 1244 1931; x_wconf 86' lang='lat' dir='ltr'><strong>-Illam</strong></span> <span class='ocrx_word' id='word_1_116' title='bbox 1304 1863 1688 1935; x_wconf 80' lang='lat' dir='ltr'><strong>Ber-nardus</strong></span> <span class='ocrx_word' id='word_1_117' title='bbox 1721 1913 1743 1951; x_wconf 91' lang='lat'><strong>,</strong></span> <span class='ocrx_word' id='word_1_118' title='bbox 1784 1862 1962 1933; x_wconf 88' lang='lat' dir='ltr'><strong>hanc</strong></span> <span class='ocrx_word' id='word_1_119' title='bbox 1998 1865 2206 1934; x_wconf 86' lang='lat' dir='ltr'><strong>etiam</strong></span> <span class='ocrx_word' id='word_1_120' title='bbox 2229 1862 2606 1960; x_wconf 75' lang='lat' dir='ltr'><strong>‘Augusti-</strong></span> 
     </span>
     <span class='ocr_line' id='line_1_17' title="bbox 396 1961 2606 2067; baseline 0.003 -31"><span class='ocrx_word' id='word_1_121' title='bbox 396 1992 530 2041; x_wconf 79' lang='lat' dir='ltr'><strong>nus</strong></span> <span class='ocrx_word' id='word_1_122' title='bbox 556 1978 819 2058; x_wconf 80' lang='lat' dir='ltr'><strong>aequam</strong></span> <span class='ocrx_word' id='word_1_123' title='bbox 845 1966 1151 2033; x_wconf 82' lang='lat' dir='ltr'><strong>lenitatis</strong></span> <span class='ocrx_word' id='word_1_124' title='bbox 1176 1986 1447 2033; x_wconf 88' lang='lat' dir='ltr'><strong>causam</strong></span> <span class='ocrx_word' id='word_1_125' title='bbox 1480 1966 1844 2054; x_wconf 87' lang='lat' dir='ltr'><strong>probabat.</strong></span> <span class='ocrx_word' id='word_1_126' title='bbox 1873 1966 2072 2037; x_wconf 86' lang='lat' dir='ltr'><strong>Prior</strong></span> <span class='ocrx_word' id='word_1_127' title='bbox 2105 1970 2201 2036; x_wconf 87' lang='lat' dir='ltr'><strong>ita</strong></span> <span class='ocrx_word' id='word_1_128' title='bbox 2234 1965 2444 2039; x_wconf 89' lang='lat' dir='ltr'><strong>habet</strong></span> <span class='ocrx_word' id='word_1_129' title='bbox 2464 1961 2606 2067; x_wconf 81' lang='lat'><em>(3)=</em></span> 
     </span>
     <span class='ocr_line' id='line_1_18' title="bbox 292 2066 2648 2165; baseline 0.001 -25"><span class='ocrx_word' id='word_1_130' title='bbox 292 2118 301 2123; x_wconf 91' lang='lat'>-</span> <span class='ocrx_word' id='word_1_131' title='bbox 392 2070 644 2165; x_wconf 60' lang='lat' dir='ltr'><strong>Quid?</strong></span> <span class='ocrx_word' id='word_1_132' title='bbox 689 2066 1015 2160; x_wconf 78' lang='lat' dir='ltr'><strong>prohibes</strong></span> <span class='ocrx_word' id='word_1_133' title='bbox 1074 2066 1514 2157; x_wconf 66' lang='lat' dir='ltr'><strong>dispensare?</strong></span> <span class='ocrx_word' id='word_1_134' title='bbox 1583 2067 1737 2135; x_wconf 88' lang='lat' dir='ltr'><strong>Non</strong></span> <span class='ocrx_word' id='word_1_135' title='bbox 1764 2117 1788 2153; x_wconf 95' lang='lat'><strong>,</strong></span> <span class='ocrx_word' id='word_1_136' title='bbox 1853 2070 1973 2137; x_wconf 90' lang='lat' dir='ltr'><strong>sed</strong></span> <span class='ocrx_word' id='word_1_137' title='bbox 2032 2069 2385 2159; x_wconf 85' lang='lat' dir='ltr'><strong>dissipare.</strong></span> <span class='ocrx_word' id='word_1_138' title='bbox 2450 2070 2648 2142; x_wconf 74' lang='lat' dir='ltr'><strong>Non&#39;</strong></span> 
     </span>
     <span class='ocr_line' id='line_1_19' title="bbox 395 2171 2611 2263; baseline -0 -17"><span class='ocrx_word' id='word_1_139' title='bbox 395 2198 545 2253; x_wconf 72' lang='lat' dir='ltr'><strong>sum</strong></span> <span class='ocrx_word' id='word_1_140' title='bbox 585 2189 724 2245; x_wconf 83' lang='lat' dir='ltr'><strong>tam</strong></span> <span class='ocrx_word' id='word_1_141' title='bbox 761 2172 991 2259; x_wconf 87' lang='lat' dir='ltr'><strong>rudis,</strong></span> <span class='ocrx_word' id='word_1_142' title='bbox 1028 2184 1107 2238; x_wconf 80' lang='lat' dir='ltr'><strong>ut</strong></span> <span class='ocrx_word' id='word_1_143' title='bbox 1146 2171 1442 2263; x_wconf 84' lang='lat' dir='ltr'><strong>ignorem</strong></span> <span class='ocrx_word' id='word_1_144' title='bbox 1472 2172 1734 2261; x_wconf 90' lang='lat' dir='ltr'><strong>positos</strong></span> <span class='ocrx_word' id='word_1_145' title='bbox 1774 2192 1890 2240; x_wconf 85' lang='lat' dir='ltr'><strong>vos</strong></span> <span class='ocrx_word' id='word_1_146' title='bbox 1929 2172 2460 2263; x_wconf 80' lang='lat' dir='ltr'><strong>dispensatores,</strong></span> <span class='ocrx_word' id='word_1_147' title='bbox 2488 2175 2611 2245; x_wconf 86' lang='lat' dir='ltr'><strong>sed</strong></span> 
     </span>
    </p>
   </div>
   <div class='ocr_carea' id='block_1_3' title="bbox 396 2270 2730 2367">
    <p class='ocr_par' dir='ltr' id='par_1_3' title="bbox 396 2270 2730 2367">
     <span class='ocr_line' id='line_1_20' title="bbox 396 2270 2730 2367; baseline -0.006 -15"><span class='ocrx_word' id='word_1_148' title='bbox 396 2270 1024 2362; x_wconf 71' lang='lat' dir='ltr'><strong>in,aedificationem</strong></span> <span class='ocrx_word' id='word_1_149' title='bbox 1058 2323 1082 2364; x_wconf 91' lang='lat'><strong>,</strong></span> <span class='ocrx_word' id='word_1_150' title='bbox 1140 2278 1367 2345; x_wconf 77' lang='lat' dir='ltr'><strong>nonin</strong></span> <span class='ocrx_word' id='word_1_151' title='bbox 1407 2275 1944 2347; x_wconf 80' lang='lat' dir='ltr'><strong>destructionem.</strong></span> <span class='ocrx_word' id='word_1_152' title='bbox 1988 2275 2292 2366; x_wconf 85' lang='lat' dir='ltr'><strong>Denique</strong></span> <span class='ocrx_word' id='word_1_153' title='bbox 2349 2277 2616 2367; x_wconf 29' lang='grc' dir='ltr'><strong>φρενί..</strong></span> <span class='ocrx_word' id='word_1_154' title='bbox 2717 2296 2730 2301; x_wconf 61' lang='grc'><strong>“</strong></span> 
     </span>
    </p>
   </div>
   <div class='ocr_carea' id='block_1_4' title="bbox 308 2372 2616 3406">
    <p class='ocr_par' dir='ltr' id='par_1_4' title="bbox 308 2372 2616 3406">
     <span class='ocr_line' id='line_1_21' title="bbox 399 2372 2616 2471; baseline 0 -20"><span class='ocrx_word' id='word_1_155' title='bbox 399 2399 524 2463; x_wconf 70' lang='lat' dir='ltr'><strong>tur</strong></span> <span class='ocrx_word' id='word_1_156' title='bbox 565 2384 745 2457; x_wconf 81' lang='lat' dir='ltr'><strong>inter</strong></span> <span class='ocrx_word' id='word_1_157' title='bbox 782 2383 1275 2471; x_wconf 73' lang='lat' dir='ltr'><strong>dispensatores</strong></span> <span class='ocrx_word' id='word_1_158' title='bbox 1302 2430 1324 2468; x_wconf 88' lang='lat'><strong>,</strong></span> <span class='ocrx_word' id='word_1_159' title='bbox 1363 2394 1441 2448; x_wconf 84' lang='lat' dir='ltr'><strong>ut</strong></span> <span class='ocrx_word' id='word_1_160' title='bbox 1478 2372 1713 2464; x_wconf 83' lang='lat' dir='ltr'><strong>fidelis</strong></span> <span class='ocrx_word' id='word_1_161' title='bbox 1776 2381 1923 2470; x_wconf 83' lang='lat' dir='ltr'><strong>quis</strong></span> <span class='ocrx_word' id='word_1_162' title='bbox 1977 2379 2392 2453; x_wconf 76' lang='lat' dir='ltr'><strong>inveniatur.</strong></span> <span class='ocrx_word' id='word_1_163' title='bbox 2458 2381 2616 2461; x_wconf 58' lang='lat' dir='ltr'><strong>Ubi,</strong></span> 
     </span>
     <span class='ocr_line' id='line_1_22' title="bbox 396 2484 2606 2580; baseline -0.001 -20"><span class='ocrx_word' id='word_1_164' title='bbox 396 2486 768 2559; x_wconf 82' lang='lat' dir='ltr'><strong>necessitas</strong></span> <span class='ocrx_word' id='word_1_165' title='bbox 803 2504 1007 2580; x_wconf 83' lang='lat' dir='ltr'><strong>urget</strong></span> <span class='ocrx_word' id='word_1_166' title='bbox 1026 2484 1511 2577; x_wconf 58' lang='lat' dir='ltr'><strong>,excusabilis</strong></span> <span class='ocrx_word' id='word_1_167' title='bbox 1562 2485 1978 2575; x_wconf 76' lang='lat' dir='ltr'><strong>dispensatio</strong></span> <span class='ocrx_word' id='word_1_168' title='bbox 2041 2502 2184 2574; x_wconf 77' lang='lat' dir='ltr'><strong>est3</strong></span> <span class='ocrx_word' id='word_1_169' title='bbox 2224 2485 2339 2554; x_wconf 78' lang='lat' dir='ltr'><strong>nbi</strong></span> <span class='ocrx_word' id='word_1_170' title='bbox 2376 2488 2606 2557; x_wconf 77' lang='lat' dir='ltr'><strong>utili-</strong></span> 
     </span>
     <span class='ocr_line' id='line_1_23' title="bbox 398 2588 2603 2682; baseline -0.003 -18"><span class='ocrx_word' id='word_1_171' title='bbox 398 2610 520 2664; x_wconf 83' lang='lat' dir='ltr'><strong>tas</strong></span> <span class='ocrx_word' id='word_1_172' title='bbox 563 2604 892 2682; x_wconf 85' lang='lat' dir='ltr'><strong>provocat</strong></span> <span class='ocrx_word' id='word_1_173' title='bbox 925 2641 949 2680; x_wconf 88' lang='lat'><strong>,</strong></span> <span class='ocrx_word' id='word_1_174' title='bbox 985 2592 1394 2681; x_wconf 82' lang='lat' dir='ltr'><strong>dispensatio</strong></span> <span class='ocrx_word' id='word_1_175' title='bbox 1448 2589 1813 2657; x_wconf 86' lang='lat' dir='ltr'><strong>laudabilis</strong></span> <span class='ocrx_word' id='word_1_176' title='bbox 1862 2606 1989 2658; x_wconf 84' lang='lat' dir='ltr'><strong>est.</strong></span> <span class='ocrx_word' id='word_1_177' title='bbox 2039 2588 2337 2658; x_wconf 81' lang='lat' dir='ltr'><strong>Utilitas</strong></span> <span class='ocrx_word' id='word_1_178' title='bbox 2364 2640 2388 2680; x_wconf 88' lang='lat'><strong>,</strong></span> <span class='ocrx_word' id='word_1_179' title='bbox 2426 2593 2603 2682; x_wconf 86' lang='lat' dir='ltr'><strong>dico,</strong></span> 
     </span>
     <span class='ocr_line' id='line_1_24' title="bbox 308 2691 2610 2787; baseline -0.002 -18"><span class='ocrx_word' id='word_1_180' title='bbox 308 2738 327 2753; x_wconf 93' lang='lat'><strong>·</strong></span> <span class='ocrx_word' id='word_1_181' title='bbox 405 2698 802 2783; x_wconf 86' lang='lat' dir='ltr'><strong>communis,</strong></span> <span class='ocrx_word' id='word_1_182' title='bbox 841 2719 965 2766; x_wconf 87' lang='lat' dir='ltr'><strong>non</strong></span> <span class='ocrx_word' id='word_1_183' title='bbox 995 2696 1303 2787; x_wconf 83' lang='lat' dir='ltr'><strong>propria.</strong></span> <span class='ocrx_word' id='word_1_184' title='bbox 1359 2694 1536 2762; x_wconf 89' lang='lat' dir='ltr'><strong>Nam</strong></span> <span class='ocrx_word' id='word_1_185' title='bbox 1585 2715 1777 2784; x_wconf 85' lang='lat' dir='ltr'><strong>quum</strong></span> <span class='ocrx_word' id='word_1_186' title='bbox 1829 2693 1931 2762; x_wconf 87' lang='lat' dir='ltr'><strong>nil</strong></span> <span class='ocrx_word' id='word_1_187' title='bbox 1980 2691 2209 2762; x_wconf 78' lang='lat' dir='ltr'><strong>horum</strong></span> <span class='ocrx_word' id='word_1_188' title='bbox 2271 2710 2380 2762; x_wconf 88' lang='lat' dir='ltr'><strong>est</strong></span> <span class='ocrx_word' id='word_1_189' title='bbox 2408 2744 2431 2785; x_wconf 90' lang='lat'><strong>,</strong></span> <span class='ocrx_word' id='word_1_190' title='bbox 2482 2717 2610 2764; x_wconf 87' lang='lat' dir='ltr'><strong>non</strong></span> 
     </span>
     <span class='ocr_line' id='line_1_25' title="bbox 388 2786 2606 2894; baseline -0 -24"><span class='ocrx_word' id='word_1_191' title='bbox 388 2803 607 2894; x_wconf 81' lang='lat' dir='ltr'><strong>plane</strong></span> <span class='ocrx_word' id='word_1_192' title='bbox 659 2793 889 2882; x_wconf 86' lang='lat' dir='ltr'><strong>fidelis</strong></span> <span class='ocrx_word' id='word_1_193' title='bbox 957 2800 1367 2890; x_wconf 83' lang='lat' dir='ltr'><strong>dispensatio</strong></span> <span class='ocrx_word' id='word_1_194' title='bbox 1405 2846 1429 2888; x_wconf 93' lang='lat'><strong>,</strong></span> <span class='ocrx_word' id='word_1_195' title='bbox 1492 2798 1615 2865; x_wconf 89' lang='lat' dir='ltr'><strong>sed</strong></span> <span class='ocrx_word' id='word_1_196' title='bbox 1672 2786 1962 2866; x_wconf 49' lang='lat' dir='ltr'><strong>‘erudelis</strong></span> <span class='ocrx_word' id='word_1_197' title='bbox 2034 2796 2395 2887; x_wconf 86' lang='lat' dir='ltr'><strong>dissipatio</strong></span> <span class='ocrx_word' id='word_1_198' title='bbox 2472 2814 2606 2870; x_wconf 83' lang='lat' dir='ltr'><strong>est.</strong></span> 
     </span>
     <span class='ocr_line' id='line_1_26' title="bbox 406 2898 2607 2995; baseline -0 -23"><span class='ocrx_word' id='word_1_199' title='bbox 406 2904 1058 2995; x_wconf 68' lang='lat' dir='ltr'><strong>Augustinusvero</strong></span> <span class='ocrx_word' id='word_1_200' title='bbox 1089 2901 1487 2991; x_wconf 84' lang='lat' dir='ltr'><strong>in·epistola</strong></span> <span class='ocrx_word' id='word_1_201' title='bbox 1535 2901 1621 2989; x_wconf 78' lang='lat'><strong>18</strong></span> <span class='ocrx_word' id='word_1_202' title='bbox 1634 2901 1915 2991; x_wconf 48' lang='lat' dir='ltr'><strong>5.3alias</strong></span> <span class='ocrx_word' id='word_1_203' title='bbox 1961 2922 2079 2988; x_wconf 89' lang='lat'><strong>50.</strong></span> <span class='ocrx_word' id='word_1_204' title='bbox 2122 2900 2195 2969; x_wconf 85' lang='lat' dir='ltr'><strong>In</strong></span> <span class='ocrx_word' id='word_1_205' title='bbox 2230 2898 2607 2995; x_wconf 69' lang='lat' dir='ltr'><strong>lznjusmodi</strong></span> 
     </span>
     <span class='ocr_line' id='line_1_27' title="bbox 405 3000 2610 3094; baseline 0 -19"><span class='ocrx_word' id='word_1_206' title='bbox 405 3006 638 3075; x_wconf 80' lang='lat' dir='ltr'><strong>causis</strong></span> <span class='ocrx_word' id='word_1_207' title='bbox 666 3053 693 3090; x_wconf 88' lang='lat'><strong>,</strong></span> <span class='ocrx_word' id='word_1_208' title='bbox 754 3005 981 3090; x_wconf 87' lang='lat' dir='ltr'><strong>inquit</strong></span> <span class='ocrx_word' id='word_1_209' title='bbox 1011 3050 1034 3088; x_wconf 92' lang='lat'><strong>,</strong></span> <span class='ocrx_word' id='word_1_210' title='bbox 1096 3003 1210 3068; x_wconf 82' lang='lat' dir='ltr'><strong>ubi</strong></span> <span class='ocrx_word' id='word_1_211' title='bbox 1260 3000 1419 3094; x_wconf 27' lang='lat' dir='ltr'><strong>per&#39;.</strong></span> <span class='ocrx_word' id='word_1_212' title='bbox 1430 3024 1686 3092; x_wconf 79' lang='lat' dir='ltr'><strong>graves</strong></span> <span class='ocrx_word' id='word_1_213' title='bbox 1750 3006 2217 3073; x_wconf 79' lang='lat' dir='ltr'><strong>dissensionum</strong></span> <span class='ocrx_word' id='word_1_214' title='bbox 2284 3007 2610 3077; x_wconf 83' lang='lat' dir='ltr'><strong>scissuras</strong></span> 
     </span>
     <span class='ocr_line' id='line_1_28' title="bbox 403 3101 2601 3195; baseline 0 -19"><span class='ocrx_word' id='word_1_215' title='bbox 403 3120 543 3178; x_wconf 74' lang='lat' dir='ltr'><strong>non·</strong></span> <span class='ocrx_word' id='word_1_216' title='bbox 575 3103 775 3195; x_wconf 78' lang='lat' dir='ltr'><strong>hujus</strong></span> <span class='ocrx_word' id='word_1_217' title='bbox 812 3118 932 3170; x_wconf 86' lang='lat' dir='ltr'><strong>aut</strong></span> <span class='ocrx_word' id='word_1_218' title='bbox 968 3101 1159 3171; x_wconf 86' lang='lat' dir='ltr'><strong>illius</strong></span> <span class='ocrx_word' id='word_1_219' title='bbox 1196 3101 1479 3170; x_wconf 81' lang='lat' dir='ltr'><strong>hominis</strong></span> <span class='ocrx_word' id='word_1_220' title='bbox 1519 3118 1619 3168; x_wconf 85' lang='lat' dir='ltr'><strong>est</strong></span> <span class='ocrx_word' id='word_1_221' title='bbox 1638 3106 2047 3194; x_wconf 81' lang='lat' dir='ltr'><strong>periculum,</strong></span> <span class='ocrx_word' id='word_1_222' title='bbox 2085 3107 2202 3171; x_wconf 88' lang='lat' dir='ltr'><strong>sed</strong></span> <span class='ocrx_word' id='word_1_223' title='bbox 2210 3109 2601 3194; x_wconf 80' lang='lat' dir='ltr'><strong>populorum</strong></span> 
     </span>
     <span class='ocr_line' id='line_1_29' title="bbox 407 3198 2616 3303; baseline -0.003 -20"><span class='ocrx_word' id='word_1_224' title='bbox 407 3226 691 3303; x_wconf 83' lang='lat' dir='ltr'><strong>strages</strong></span> <span class='ocrx_word' id='word_1_225' title='bbox 732 3206 964 3298; x_wconf 85' lang='lat' dir='ltr'><strong>jacent</strong></span> <span class='ocrx_word' id='word_1_226' title='bbox 997 3256 1020 3294; x_wconf 90' lang='lat'><strong>,</strong></span> <span class='ocrx_word' id='word_1_227' title='bbox 1071 3203 1545 3276; x_wconf 77' lang='lat' dir='ltr'><strong>detrahendum</strong></span> <span class='ocrx_word' id='word_1_228' title='bbox 1585 3222 1689 3272; x_wconf 87' lang='lat' dir='ltr'><strong>est</strong></span> <span class='ocrx_word' id='word_1_229' title='bbox 1742 3207 2005 3295; x_wconf 84' lang='lat' dir='ltr'><strong>aliquid</strong></span> <span class='ocrx_word' id='word_1_230' title='bbox 2067 3207 2482 3296; x_wconf 86' lang='lat' dir='ltr'><strong>severitati,</strong></span> <span class='ocrx_word' id='word_1_231' title='bbox 2533 3198 2616 3287; x_wconf 74' lang='lat' dir='ltr'><strong>ut</strong></span> 
     </span>
     <span class='ocr_line' id='line_1_30' title="bbox 404 3306 2612 3406; baseline 0 -24"><span class='ocrx_word' id='word_1_232' title='bbox 404 3312 780 3406; x_wconf 77' lang='lat' dir='ltr'><strong>majoribus</strong></span> <span class='ocrx_word' id='word_1_233' title='bbox 855 3309 1051 3381; x_wconf 90' lang='lat' dir='ltr'><strong>malis</strong></span> <span class='ocrx_word' id='word_1_234' title='bbox 1129 3309 1439 3385; x_wconf 81' lang='lat' dir='ltr'><strong>sanandis</strong></span> <span class='ocrx_word' id='word_1_235' title='bbox 1514 3306 1822 3399; x_wconf 80' lang='lat' dir='ltr'><strong>charitas</strong></span> <span class='ocrx_word' id='word_1_236' title='bbox 1888 3307 2149 3377; x_wconf 85' lang='lat' dir='ltr'><strong>sincera</strong></span> <span class='ocrx_word' id='word_1_237' title='bbox 2225 3309 2612 3385; x_wconf 77' lang='lat' dir='ltr'><strong>subveniat,</strong></span> 
     </span>
    </p>
   </div>
   <div class='ocr_carea' id='block_1_5' title="bbox 346 3399 2734 3505">
    <p class='ocr_par' dir='ltr' id='par_1_5' title="bbox 346 3399 2734 3505">
     <span class='ocr_line' id='line_1_31' title="bbox 346 3399 2734 3505; baseline -0.005 -14"><span class='ocrx_word' id='word_1_238' title='bbox 346 3399 377 3423; x_wconf 69' lang='lat'><strong><em>⁹</em></strong></span> <span class='ocrx_word' id='word_1_239' title='bbox 406 3418 574 3490; x_wconf 84' lang='lat' dir='ltr'><strong>Nec</strong></span> <span class='ocrx_word' id='word_1_240' title='bbox 616 3417 752 3488; x_wconf 83' lang='lat' dir='ltr'><strong>hoc</strong></span> <span class='ocrx_word' id='word_1_241' title='bbox 804 3416 1149 3487; x_wconf 78' lang='lat' dir='ltr'><strong>immerito</strong></span> <span class='ocrx_word' id='word_1_242' title='bbox 1189 3412 1522 3505; x_wconf 79' lang='lat' dir='ltr'><strong>quidem3</strong></span> <span class='ocrx_word' id='word_1_243' title='bbox 1561 3436 1765 3482; x_wconf 84' lang='lat' dir='ltr'><strong>nonne</strong></span> <span class='ocrx_word' id='word_1_244' title='bbox 1800 3413 1983 3482; x_wconf 87' lang='lat' dir='ltr'><strong>enim</strong></span> <span class='ocrx_word' id='word_1_245' title='bbox 2022 3406 2484 3504; x_wconf 73' lang='lat' dir='ltr'><strong>justissimam&#39;</strong></span> <span class='ocrx_word' id='word_1_246' title='bbox 2503 3438 2614 3486; x_wconf 83' lang='lat' dir='ltr'><strong>es·</strong></span> <span class='ocrx_word' id='word_1_247' title='bbox 2709 3480 2734 3498; x_wconf 53' lang='lat'>„</span> 
     </span>
    </p>
   </div>
   <div class='ocr_carea' id='block_1_6' title="bbox 395 3513 2611 3822">
    <p class='ocr_par' dir='ltr' id='par_1_6' title="bbox 395 3513 2611 3822">
     <span class='ocr_line' id='line_1_32' title="bbox 395 3513 2611 3612; baseline 0.003 -27"><span class='ocrx_word' id='word_1_248' title='bbox 395 3523 750 3612; x_wconf 69' lang='lat' dir='ltr'><strong>,seliquet</strong></span> <span class='ocrx_word' id='word_1_249' title='bbox 779 3566 804 3610; x_wconf 86' lang='lat'><strong>,</strong></span> <span class='ocrx_word' id='word_1_250' title='bbox 852 3535 939 3589; x_wconf 78' lang='lat' dir='ltr'><strong>&#39;ut</strong></span> <span class='ocrx_word' id='word_1_251' title='bbox 982 3540 1125 3609; x_wconf 81' lang='lat' dir='ltr'><strong>quae</strong></span> <span class='ocrx_word' id='word_1_252' title='bbox 1163 3532 1295 3609; x_wconf 83' lang='lat' dir='ltr'><strong>pro</strong></span> <span class='ocrx_word' id='word_1_253' title='bbox 1346 3515 1694 3586; x_wconf 79' lang='lat' dir='ltr'><strong>charitate</strong></span> <span class='ocrx_word' id='word_1_254' title='bbox 1756 3519 2033 3587; x_wconf 83' lang='lat' dir='ltr'><strong>inventa</strong></span> <span class='ocrx_word' id='word_1_255' title='bbox 2084 3513 2370 3604; x_wconf 74' lang='lat' dir='ltr'><strong>fuerunt</strong></span> <span class='ocrx_word' id='word_1_256' title='bbox 2398 3569 2425 3607; x_wconf 91' lang='lat'><strong>,</strong></span> <span class='ocrx_word' id='word_1_257' title='bbox 2477 3538 2611 3612; x_wconf 78' lang='lat' dir='ltr'><strong>pro</strong></span> 
     </span>
     <span class='ocr_line' id='line_1_33' title="bbox 406 3619 2611 3716; baseline -0.001 -20"><span class='ocrx_word' id='word_1_258' title='bbox 406 3622 770 3699; x_wconf 69' lang='lat' dir='ltr'><strong>charitate</strong></span> <span class='ocrx_word' id='word_1_259' title='bbox 817 3642 1069 3716; x_wconf 78' lang='lat' dir='ltr'><strong>quoque</strong></span> <span class='ocrx_word' id='word_1_260' title='bbox 1097 3672 1123 3713; x_wconf 90' lang='lat'><strong>,</strong></span> <span class='ocrx_word' id='word_1_261' title='bbox 1170 3619 1286 3690; x_wconf 77' lang='lat' dir='ltr'><strong>ubi</strong></span> <span class='ocrx_word' id='word_1_262' title='bbox 1338 3622 1654 3714; x_wconf 81' lang='lat' dir='ltr'><strong>expedire</strong></span> <span class='ocrx_word' id='word_1_263' title='bbox 1702 3621 2046 3691; x_wconf 81' lang='lat' dir='ltr'><strong>videbitur</strong></span> <span class='ocrx_word' id='word_1_264' title='bbox 2073 3672 2099 3711; x_wconf 91' lang='lat'><strong>,</strong></span> <span class='ocrx_word' id='word_1_265' title='bbox 2144 3625 2259 3692; x_wconf 84' lang='lat' dir='ltr'><strong>vel</strong></span> <span class='ocrx_word' id='word_1_266' title='bbox 2293 3623 2611 3694; x_wconf 85' lang='lat' dir='ltr'><strong>omittan-</strong></span> 
     </span>
     <span class='ocr_line' id='line_1_34' title="bbox 414 3723 2609 3822; baseline 0 -22"><span class='ocrx_word' id='word_1_267' title='bbox 414 3741 544 3800; x_wconf 74' lang='lat' dir='ltr'><strong>tur</strong></span> <span class='ocrx_word' id='word_1_268' title='bbox 573 3777 598 3822; x_wconf 86' lang='lat'><strong>,</strong></span> <span class='ocrx_word' id='word_1_269' title='bbox 633 3731 747 3801; x_wconf 75' lang='lat' dir='ltr'><strong>vel</strong></span> <span class='ocrx_word' id='word_1_270' title='bbox 794 3728 1339 3800; x_wconf 84' lang='lat' dir='ltr'><strong>intermittantur</strong></span> <span class='ocrx_word' id='word_1_271' title='bbox 1363 3775 1389 3819; x_wconf 91' lang='lat'><strong>,</strong></span> <span class='ocrx_word' id='word_1_272' title='bbox 1449 3728 1562 3798; x_wconf 81' lang='lat' dir='ltr'><strong>vel</strong></span> <span class='ocrx_word' id='word_1_273' title='bbox 1610 3727 1683 3796; x_wconf 88' lang='lat' dir='ltr'><strong>in</strong></span> <span class='ocrx_word' id='word_1_274' title='bbox 1731 3726 1923 3800; x_wconf 83' lang='lat' dir='ltr'><strong>aliud</strong></span> <span class='ocrx_word' id='word_1_275' title='bbox 1964 3723 2165 3817; x_wconf 81' lang='lat' dir='ltr'><strong>forte</strong></span> <span class='ocrx_word' id='word_1_276' title='bbox 2222 3730 2609 3810; x_wconf 78' lang='lat' dir='ltr'><strong>commodius</strong></span> 
     </span>
    </p>
   </div>
   <div class='ocr_carea' id='block_1_7' title="bbox 404 3896 1859 4221">
    <p class='ocr_par' dir='ltr' id='par_1_7' title="bbox 404 3896 1859 4221">
     <span class='ocr_line' id='line_1_35' title="bbox 404 3896 1551 3962; baseline -0.003 0"><span class='ocrx_word' id='word_1_277' title='bbox 404 3940 418 3950; x_wconf 50' lang='grc' dir='ltr'><em>ο</em></span> <span class='ocrx_word' id='word_1_278' title='bbox 563 3922 591 3962; x_wconf 89' lang='lat'>1</span> <span class='ocrx_word' id='word_1_279' title='bbox 725 3901 862 3960; x_wconf 82' lang='lat' dir='ltr'><strong>Lac.</strong></span> <span class='ocrx_word' id='word_1_280' title='bbox 914 3902 1017 3961; x_wconf 86' lang='lat' dir='ltr'><strong>cit.</strong></span> <span class='ocrx_word' id='word_1_281' title='bbox 1126 3902 1160 3910; x_wconf 76' lang='grc'><strong>””</strong></span> <span class='ocrx_word' id='word_1_282' title='bbox 1322 3904 1335 3911; x_wconf 81' lang='grc'><em>“</em></span> <span class='ocrx_word' id='word_1_283' title='bbox 1426 3896 1485 3941; x_wconf 56' lang='lat' dir='ltr'><strong>k·</strong></span> <span class='ocrx_word' id='word_1_284' title='bbox 1544 3908 1551 3911; x_wconf 84' lang='grc'><strong>’</strong></span> 
     </span>
     <span class='ocr_line' id='line_1_36' title="bbox 503 3899 1763 4150; baseline 0.003 -107"><span class='ocrx_word' id='word_1_285' title='bbox 503 3899 643 4150; x_wconf 56' lang='grc' dir='ltr'><strong>Ξαξ</strong></span> <span class='ocrx_word' id='word_1_286' title='bbox 718 3980 1034 4076; x_wconf 70' lang='lat' dir='ltr'><strong>Contareni</strong></span> <span class='ocrx_word' id='word_1_287' title='bbox 1077 3982 1261 4070; x_wconf 54' lang='lat' dir='ltr'><strong>epistt</strong></span> <span class='ocrx_word' id='word_1_288' title='bbox 1302 3978 1665 4053; x_wconf 55' lang='lat' dir='ltr'><strong>adfaulum</strong></span> <span class='ocrx_word' id='word_1_289' title='bbox 1704 4004 1763 4067; x_wconf 76' lang='lat'><strong>3.</strong></span> 
     </span>
     <span class='ocr_line' id='line_1_37' title="bbox 555 4060 1753 4163; baseline 0.005 -42"><span class='ocrx_word' id='word_1_290' title='bbox 555 4060 637 4144; x_wconf 80' lang='lat'><strong>3)</strong></span> <span class='ocrx_word' id='word_1_291' title='bbox 721 4062 859 4123; x_wconf 69' lang='lat' dir='ltr'><strong>Lib.</strong></span> <span class='ocrx_word' id='word_1_292' title='bbox 899 4082 956 4144; x_wconf 79' lang='lat'><strong>3.</strong></span> <span class='ocrx_word' id='word_1_293' title='bbox 1005 4064 1085 4163; x_wconf 71' lang='lat' dir='ltr'><strong>ad</strong></span> <span class='ocrx_word' id='word_1_294' title='bbox 1107 4064 1518 4153; x_wconf 57' lang='lat' dir='ltr'><strong>Ragau-&#39;jcap-</strong></span> <span class='ocrx_word' id='word_1_295' title='bbox 1551 4086 1609 4146; x_wconf 81' lang='lat'><strong>4.</strong></span> <span class='ocrx_word' id='word_1_296' title='bbox 1744 4079 1753 4087; x_wconf 86' lang='lat'><strong>·</strong></span> 
     </span>
     <span class='ocr_line' id='line_1_38' title="bbox 881 4166 1859 4221; baseline 0.009 -10"><span class='ocrx_word' id='word_1_297' title='bbox 881 4198 885 4211; x_wconf 91' lang='lat'><strong>.</strong></span> <span class='ocrx_word' id='word_1_298' title='bbox 1768 4166 1859 4221; x_wconf 84' lang='lat'><strong>11</strong></span> 
     </span>
    </p>
   </div>
  </div>
 </body>
</html>
