3275 4784
711 224 852 297 128
1452 242 1877 295 sEc‘r1o
1973 248 2028 295 1.

1516 462 1577 545 §-
1711 457 1961 527 XCIX.
2045 447 2050 452 ’

1279 672 1688 747 Concilium
1714 670 2187 748 Basileense.

791 884 1029 970 Quum
1091 904 1305 975 prope
1383 881 1691 969 abesset,
1731 896 1801 951 et
1843 881 2232 952 elaberetur
2272 883 2825 973 quinquennium

633 988 722 1055 de
764 1011 903 1078 quo
944 1010 1162 1078 nuper
1192 988 1452 1056 dictum
1495 1002 1596 1053 est
1632 978 1728 1082 (§.
1795 979 2188 1082 XCVIII.),
2241 984 2633 1058 Concilium
2675 988 2826 1057 Pa-

615 1092 759 1181 piae
796 1092 1276 1179 interdicitur,
1317 1111 1475 1158 mox
1513 1090 1727 1157 Senas
1764 1090 2205 1179 translatum,
2232 1091 2304 1158 in
2345 1113 2483 1181 quo
2519 1108 2821 1181 coeptum

626 1191 1053 1264 Constantiae
1094 1192 1549 1263 reformandae
1599 1192 1979 1283 disciplinae
2031 1194 2398 1285 negotium⁴
2459 1193 2821 1285 perficien-

625 1295 795 1365 dum
836 1317 1007 1368 erat.
1049 1298 1312 1366 Verum
1368 1296 1584 1364 multa
1651 1295 2212 1385 intercedebant,
2290 1320 2446 1387 quae
2510 1296 2824 1367 Senensis

633 1396 932 1469 Concilii
996 1399 1510 1495 praepediebant
1560 1399 1849 1468 consilia
1900 1391 2044 1497 (1).
2123 1399 2479 1469 Postremo
2543 1399 2823 1469 Basilea

629 1503 934 1594 placuit,
972 1526 1116 1594 quo
1158 1506 1457 1575 monitus
1496 1520 1651 1593 post
1712 1504 2097 1594 longiorem
2153 1524 2412 1572 moram
2467 1503 2823 1573 Martinus

625 1607 718 1673 V.
751 1625 1169 1677 conventum
1212 1608 1492 1675 Patrum
1532 1605 1815 1674 indixit.
1860 1605 2240 1677 Enimvero
2280 1609 2352 1674 in
2405 1609 2553 1698 ipso
2607 1626 2822 1698 prope

621 1708 768 1798 ejus
805 1725 1140 1799 apparatu
1172 1712 1465 1778 moritur
1492 1709 1845 1777 Martinus
1873 1710 1964 1776 V.
2003 1733 2151 1777 ann.
2204 1733 2230 1776 1
2255 1731 2421 1796 321.
2452 1708 2567 1778 die
2602 1711 2822 1801 prima

620 1828 691 1881 et
731 1815 1053 1880 vicesima
1120 1816 1364 1882 mensis
1407 1811 1680 1879 Martii.
1732 1812 2072 1880 Successit
2111 1811 2462 1904 Eugenius
2501 1812 2624 1881 IV.
2661 1816 2823 1903 qui,

620 1938 771 2005 quae
799 1915 838 1983 ὰ
879 1916 1192 1986 Martino
1233 1917 1321 1984 de
1359 1912 1684 1985 Concilio
1724 1915 2099 1984 Basileensi
2137 1916 2421 1986 decreta
2453 1931 2652 1986 sunt:
2683 1936 2822 1984 om·

562 2082 578 2089 ,
620 2021 733 2087 nia
763 2035 912 2088 rata
953 2017 1223 2088 habuit.
1264 2017 1472 2087 Unde
1508 2041 1658 2087 ann.
1712 2039 1931 2107 1431.
1998 2020 2113 2088 die
2192 2022 2533 2112 vigesima
2605 2013 2814 2088 tertia

618 2122 662 2201 J
670 2122 795 2191 ulii
849 2124 1127 2193 initium
1165 2124 1347 2215 ejuS,
1375 2122 1730 2192 obtinente
1786 2121 2143 2191 Pontificis
2185 2122 2414 2192 locum
2447 2122 2820 2194 Cardinale

618 2222 951 2322 Juliano,
990 2224 1251 2298 factum
1307 2243 1409 2296 est
1464 2216 1605 2324 (2).
1632 2312 1638 2317 ῃ
1668 2226 1765 2294 At
1808 2246 1966 2296 mox
2009 2229 2078 2295 in
2119 2230 2463 2318 principio
2502 2243 2656 2295 orta
2694 2228 2813 2294 in·-

614 2346 723 2399 ter
762 2330 1140 2422 Eugenium
1178 2348 1245 2400 et
1272 2331 1514 2400 Patres
1542 2332 1985 2399 contentione
2025 2330 2406 2400 dissolvere
2438 2329 2617 2399 illud
2667 2346 2823 2397 ten-

613 2435 792 2502 tavit
832 2432 1198 2520 Pontifex,
1238 2436 1353 2501 cui
1431 2433 1764 2518 consiliO,
1817 2453 2035 2519 quum
2113 2435 2369 2521 insigni
2424 2433 2815 2502 constantia

604 2534 1008 2603 restitissent
1049 2535 1322 2620 PatreS,
1361 2536 1982 2622 auctoritatemque
2033 2528 2333 2601 Concilii
2400 2550 2803 2624 tuerentur,

612 2658 736 2705 nec
766 2639 976 2728 aequis
1015 2638 1258 2706 animis
1297 2632 1339 2703 ἐι
1377 2637 1652 2703 summis
1706 2633 2007 2725 Europae
2085 2635 2519 2725 Principibus
2548 2638 2818 2725 accipe·

493 2786 499 2794 ·
611 2757 841 2828 retur,
881 2742 1081 2807 cessit
1119 2737 1505 2828 Eugenius,
1543 2754 1614 2806 et
1650 2738 1830 2806 datis
1872 2738 2109 2806 Romae
2135 2728 2505 2806 DecemBri
2577 2758 2807 2806 mense

490 2930 499 2937 ἱ
611 2866 760 2910 ann.
813 2862 946 2928 143
966 2839 1357 2928 3.'litteris,
1396 2863 1548 2930 quae
1590 2840 1682 2908 ad
1722 2840 1795 2908 id
1837 2863 2054 2930 usque
2096 2856 2365 2932 tempus
2409 2859 2613 2935 gesta
2651 2857 2812 2913 sunt

614 2940 657 3013 ἐι
692 2940 1007 3014 Patribus
1030 2993 1057 3036 ‚
1090 2960 1240 3013 rata
1268 2965 1411 3012 esse
1433 2945 1660 3037 jussit.

1593 3149 1658 3231 §-
1760 3141 1848 3215 C.

958 3359 1203 3436 Initio
1228 3375 1523 3457 ruptum
1557 3359 1774 3434 illico
1803 3363 2258 3435 restitutum
2284 3373 2432 3436 est.

772 3565 1001 3634 Lectae
1042 3566 1393 3636 Pontificis
1433 3568 1724 3655 litterae,
1758 3589 1838 3635 ac
1893 3569 2234 3635 communi
2314 3566 2590 3634 Parrum
2634 3584 2809 3632 con-

609 3668 922 3736 sensione
964 3668 1263 3758 probatae
1292 3687 1449 3737 sunt
1488 3674 1834 3738 consessui
1868 3673 2112 3738 decimo
2139 3684 2352 3735 sexto.
2383 3668 2494 3737 Ab
2521 3686 2603 3736 eo
2633 3685 2807 3735 tem·-

606 3792 772 3862 pore
811 3770 1063 3860 Legati
1107 3771 1455 3840 Pontificis
1495 3775 1862 3863 praesidere
1905 3775 1975 3840 in
2011 3771 2330 3842 Concilio
2358 3773 2609 3842 iterum
2655 3793 2820 3840 coes

688 3902 784 3987 (1)
868 3906 1014 3963 Vid.
1058 3905 1346 3979 Raynald.
1381 3910 1457 3964 ad
1487 3928 1617 3966 ann.
1661 3927 1914 3984 14²4·²²·
1949 3926 2000 3986 ς.

698 3982 801 4069 (2)
877 3986 1167 4065 Raynald.
1194 3990 1279 4078 *ad
1299 4007 1428 4046 ann.
1473 4007 1647 4066 1431.
1681 4010 1738 4049 n.
1777 4010 1827 4068 5.
1867 4008 1959 4069 17.
2006 3999 2068 4049 et
2106 4008 2204 4050 20.
