3275 4784
1319 249 1666 307 CAPUT
1762 251 1819 314 11.
2447 251 2619 332 (159

452 390 570 452 ‘ut'
594 396 730 447 non
775 374 1027 466 punite
1059 387 1329 456 tantum
1368 370 1638 464 Reges,
1674 390 1917 446 verum
1945 372 2182 463 regnis
2213 372 2665 458 etiam-,exuar

471 505 544 551 re
575 531 597 571 ,
634 497 705 549 et
746 480 1048 552 ,liberare
1105 476 1421 550 subditos
1468 477 1683 567 possit
1749 467 1932 567 petru
1961 496 2188 565 ,quo
2231 475 2665 568 Principibus

468 587 606 656 suis
659 606 739 651 ac
778 585 1016 675 patriae
1074 581 1628 671 adstringuntur.
1680 577 2145 670 obtrudunt,
2184 580 2505 672 inquam,
2559 582 2667 650 in-

467 691 631 758 vitae
696 710 775 755 ac
841 686 1240 756 reluctanti.
1305 682 1530 754 Novit
1589 684 1771 754 enim
1846 681 1967 752 illa·
2032 682 2360 770 traditam
2401 684 2562 766 ,sibi
2616 679 2662 754 ὲ

468 791 752 860 Christo
817 805 1226 908 potestatem
1289 803 1503 858 totam
1567 777 1714 858 esse
1767 806 1952 856 mere
2015 781 2484 876 spiritualem,
2541 777 2667 880 (ᾗ,

473 884 825 987 XXXV.)
887 894 1270 965 animarum
1319 891 1527 962 saluti
1592 888 2044 983 procurandae
2093 890 2441 972 addictam
2471 939 2495 978 ,
2547 879 2668 986 (§.

482 994 878 1068 XXXVIII.
888 986 966 1096 )
1008 1017 1146 1072 non
1210 1016 1440 1067 rerum
1520 991 1972 1067 humanarum
2059 993 2677 1083 administrationi,

480 1109 685 1191 quarn
741 1102 1084 1191 integram
1143 1122 1224 1172 ac
1276 1085 1567 1170 solidam
1607 1097 1920 1192 Regibus
1959 1117 2006 1167 a
2027 1095 2197 1165 Deo
2239 1099 2674 1170 commissam

488 1227 628 1274 non
673 1205 971 1294 ignorat.
1009 1196 1117 1300 (§.
1168 1192 1435 1302 XCV.)
1485 1202 1711 1274 Novit
1767 1203 1885 1270 illa
1927 1221 2177 1291 porte,
2228 1205 2525 1272 summos
2565 1222 2684 1270 te·-

498 1330 652 1376 rum
688 1308 1121 1396 publicarum
1174 1306 1546 1394 RectoreS,
1582 1307 1707 1374 etsi
1731 1303 2026 1393 fideles,
2061 1302 2413 1392 Principes
2451 1321 2683 1376 tamen

368 1412 373 1415 ’
430 1432 657 1479 esse
650 1411 1031 1502 majestate·
1068 1405 1437 1482 instructos
1490 1409 1617 1478 5011
1660 1407 1816 1478 Deo
1836 1354 2197 1526 subjecta,
2247 1396 2354 1506 (§.
2392 1404 2647 1476 XCIV.

495 1537 633 1603 qua
673 1515 729 1582 si
766 1513 1184 1602 abutantur,
1224 1534 1266 1581 a
1305 1511 1462 1584 Deo
1499 1512 1645 1581 solo
1688 1512 1920 1605 puniti
1966 1526 2272 1599 possunt.
2308 1500 2622 1607 (XCVI.

497 1616 728 1688 Novit
771 1618 1072 1707 denique
1131 1618 1495 1709 imperium
1532 1617 1606 1684 in
1658 1638 1727 1681 se
1769 1613 2095 1686 collatum
2136 1635 2278 1683 esse
2321 1615 2710 1704 imperium

500 1721 696 1807 lene,
733 1741 870 1791 non
918 1720 1351 1807 violentum,
1390 1709 1510 1816 (ὃ.
1548 1706 1951 1811 LXXVI.)
2007 1716 2205 1807 cujus
2267 1718 2374 1786 vis
2425 1737 2687 1790 summa

499 1824 571 1908 ip
626 1823 1286 1900 excommunicando
1333 1823 1465 1892 sita
1519 1837 1660 1908 est,
1701 1810 1820 1917 (§.
1860 1809 2173 1912 LXXI.)
2223 1818 2301 1887 id
2350 1835 2452 1889 est
2485 1820 2694 1914 ,spi·
2738 1828 2772 1857 ·‘

496 1926 857 1997 ritualium
920 1928 1275 2006 bonorum
1327 1924 1717 2014 privatione
1750 1969 1774 2008 ,
1842 1912 1960 2014 (§.
2003 1912 2342 2015 LXXII.)
2406 1943 2543 1995 non
2620 1925 2692 1993 in

392 2027 886 2099 adimendis
924 2028 1007 2096 iis
1047 2075 1070 2115 ,
1126 2047 1279 2115 quae
1343 2026 1497 2114 quis
1539 2044 1675 2091 non
1714 2021 1802 2094 ab
1850 2020 2199 2111 Ecclesia,
2249 2025 2369 2094 sed
2420 2047 2463 2094 a
2510 2028 2698 2095 civi-

502 2147 643 2201 tate
686 2128 1016 2206 obtinuit.
1069 2128 1276 2216 Haec,
1316 2129 1649 2217 inquam,
1701 2127 1940 2222 omnia
1985 2142 2068 2195 et-
2105 2128 2305 2213 novit,
2345 2123 2697 2218 Ecclesia,
2731 2183 2736 2187 .

383 2255 389 2262 ·
501 2250 572 2307 et
612 2234 889 2323 credit,
928 2250 998 2303 et
1053 2252 1189 2302 non
1228 2247 1364 2300 tam
1405 2230 1636 2300 verbis
1673 2250 1879 2319 quam
1921 2229 2150 2300 rebus·
2181 2225 2342 2319 ipsis
2381 2247 2451 2312 et
2492 2228 2698 2300 factis

501 2336 803 2427 publice-
846 2353 1218 2426 aperteque
1285 2331 1591 2452 professa
1638 2350 1780 2416 est.
1821 2330 1972 2401 Cur
2021 2334 2239 2423 igitur
2288 2329 2700 2414 infamamus

432 2439 686 2508 illam
719 2440 1118 2510 commentis
1161 2440 1448 2526 nostris,
1502 2436 1755 2528 quibus
1809 2457 1948 2507 non
2002 2435 2321 2527 indiget2
2373 2435 2521 2506 Cur
2554 2454 2701 2512 tam

507 2544 719 2613 anxio
757 2542 991 2612 studio
1043 2563 1556 2642 propugnamus
1607 2542 2015 2610 sententiam
2041 2589 2067 2629 ,
2103 2562 2307 2629 quam
2356 2543 2539 2609 omni
2584 2559 2701 2624 re-j

505 2661 619 2718 tro
646 2647 1043 2737 antiquitati
1071 2648 1458 2715 inauditam
1486 2648 1617 2712 aevi
1648 2643 1859 2718 medii
1897 2640 2245 2722 calamitas
2274 2644 2526 2716 illustri
2554 2648 2726 2735 qui·

509 2747 720 2839 dem,
755 2749 879 2818 sed
919 2752 1096 2823 tristi
1155 2750 1244 2818 ad
1299 2750 1695 2818 memoriam
1747 2744 2065 2835 exemplo
2117 2747 2412 2835 primum
2463 2767 2705 2820 conse·-

504 2843 927 2951 eravit²(1)
987 2875 1076 2923 an
1113 2851 1291 2934 nihil
1355 2873 1478 2922 nos
1531 2868 1834 2935 movent
1865 2866 1989 2936 tot
2012 2848 2249 2935 mala²
2291 2848 2465 2928 nihil
2507 2846 2708 2923 fusus

513 2953 802 3041 largiter
839 2955 1176 3022 humanus
1221 2952 1553 3038 sanguis?
1595 2952 1771 3019 nihil
1811 2952 2187 3038 liberor-um
2221 2953 2551 3028 adversus
2577 2977 2711 3048 pa<-

507 3068 734 3123 rentes
792 3046 1028 3118 bella.
1002 3051 1033 3097 ‘²
1074 3042 1192 3150 (2)
1242 3048 1421 3119 nihil
1469 3065 1745 3117 structae
1800 3072 1842 3118 a
1880 3050 2201 3121 fanaticis
2240 3058 2402 3127 vitae
2441 3057 2742 3127 Princi--

517 3175 681 3249 pum
720 3150 1031 3222 insidiae‘2
1074 3152 1244 3223 nihil
1285 3167 1388 3219 tot
1434 3152 1602 3220 aliae
1650 3152 2116 3239 calamitates,
2168 3177 2335 3244 quas
2387 3155 2533 3228 haec
2571 3180 2711 3231 una.

522 3257 834 3347 opinatio
878 3254 1193 3346 peperit?
1240 3255 1408 3323 Νοιι
1451 3241 1607 3324 sunt
1646 3269 1787 3324 tam
1834 3254 2111 3342 iniquus
2151 3275 2333 3345 ego,
2381 3274 2458 3327 ut
2500 3260 2713 3353 impia.
2827 3255 2834 3258 Ἰ

526 3355 679 3433 haec
712 3359 1159 3456 consectaria
1189 3357 1627 3430 doctissimis
1627 3356 1980 3454 adversae
1993 3360 2357 3438 sententiae
2407 3364 2715 3451 patronis

510 3445 797 3553 probari
824 3482 1158 3533 censeam.
1190 3461 1326 3530 Sed
1349 3483 1539 3532 cum
1540 3461 1706 3554 haec
1744 3482 1881 3530 ιιοιι
1924 3444 2065 3534 sine
2108 3449 2409 3556 quodam
2455 3461 2713 3538 horro-

523 3586 597 3638 re
634 3566 1025 3660 leguntur,
1063 3586 1188 3636 cur
1216 3587 1356 3635 non
1395 3517 1729 3658 abjiciunt
1767 3568 2163 3656 ratiocinia,
2202 3588 2328 3637 cur
2354 3584 2713 3661 tantopere

527 3668 924 3744 confidunt
954 3668 1159 3740 factis
1208 3670 1676 3762 quibusdam,
1726 3692 1930 3761 quae,
1982 3687 2098 3741 ut
2114 3670 2369 3756 alicubi
2421 3672 2728 3766 Natalis,

525 3767 921 3850 Alexander
973 3776 1071 3844 ait
1111 3824 1134 3868 ,
1195 3777 1286 3849 ad
1330 3775 1829 3873 parracidalem
1882 3789 1952 3846 et
2015 3775 2282 3872 impiam
2344 3779 2713 3850 conclusio⁴
2782 3810 2785 3814 v

550 3948 563 3956 ·
598 3919 655 4085 ξ
653 3917 739 4084 13*
810 3917 1024 3981 Natat.
1067 3917 1419 3987 Alexander
1469 3925 1600 3989 ια’.
1634 3900 1760 3988 J'ffi-
1790 3929 1942 3989 diss.
1966 3949 2022 3990 2.
2069 3938 2188 3988 art.
2236 3947 2293 4007 9.
2649 3959 2656 3966 ·

546 4031 573 4040 =·
794 4002 1064 4066 fenim
1087 4006 1220 4066 diss.
1245 4005 1451 4076 hiant.
1474 4009 1765 4094 degatis.
1777 4032 1845 4078 ac
1864 4014 2107 4089 servantis
2117 4008 2384 4090 Gragor.
2407 4010 2471 4072 in
2505 4004 2706 4075 Henrd'
