3275 4784
728 253 830 349 48
1470 271 1887 326 ssscrro
2015 277 2070 326 1.

669 418 871 488 quam
927 395 1239 494 Joannes
1304 393 1725 486 Doujatius,
1771 377 2001 463 nescio
2056 416 2140 463 an
2192 416 2278 463 ex
2333 415 2553 481 vem,
2602 394 2855 468 Phario

677 501 1077 591 adscripsit,
1117 504 1185 569 in
1229 519 1480 568 nonum
1508 499 1823 571 saeculum
1856 500 2126 566 indicit.
2153 497 2460 567 Videtur
2487 503 2666 567 circa
2699 526 2855 574 ann.

666 604 811 672 880
841 607 1235 695 compilata.
1267 602 2022 691 Differtabilla‚quam
2054 620 2202 692 post
2220 600 2608 672 Concilium
2630 604 2846 675 Nicae·

666 729 826 776 num
869 707 1242 775 secundum
1281 723 1552 775 auctam
1592 728 1733 774 esse
1773 727 1992 796 nuper
2032 705 2388 774 monebam
2423 699 2514 801 (ξ.
2554 700 2845 806 XXIII.)

660 827 730 878 et
796 811 1081 878 materia
1147 828 1215 879 et
1262 806 1517 893 forma.
1572 808 1690 877 Ad
1753 808 1929 877 hanc
1990 810 2180 900 quod
2247 812 2533 896 attinet,
2603 814 2843 882 relicta

653 916 1086 1002 superiorum
1126 913 1440 1000 Synodos
1479 935 1605 1004 pro
1645 931 1992 1003 tempore,
2034 934 2173 1002 quo
2228 934 2658 1003 unaquaeque
2712 938 2834 983 ce-

651 1017 914 1084 lebrata
956 1035 1095 1104 est,
1134 1016 1539 1084 numerandi
1593 1016 2136 1104 consuetudine,
2184 1018 2410 1085 omnia
2466 1015 2834 1087 Generalia

659 1116 1179 1189 Catholicorum
1214 1117 1569 1209 Concilia,
1592 1119 1877 1210 dempto
1905 1137 2195 1207 octav0‚
2223 1121 2411 1209 quod
2447 1117 2697 1187 Photio
2722 1121 2837 1189 ad-

654 1243 932 1291 versum
973 1242 1115 1313 estt,
1157 1224 1384 1293 omnia
1425 1225 1630 1291 etiam
1669 1221 1929 1291 Graecis
1970 1243 2095 1313 pro
2137 1222 2571 1314 generalibus
2605 1223 2843 1293 habita

654 1343 814 1393 ante
855 1348 1084 1395 omnes
1126 1326 1440 1412 Synodos
1481 1325 1925 1417 particulares
1955 1328 2221 1394 tametsi
2256 1327 2666 1394 vetustiores
2693 1325 2839 1397 col-

654 1427 1000 1499 locantur.
1040 1430 1329 1519 Superat
1373 1451 1539 1499 vero
1583 1430 1782 1497 rebus
1822 1432 2028 1498 etiam
2070 1447 2140 1498 et
2179 1431 2585 1499 canonibus.
2625 1430 2841 1520 Adje-

649 1534 747 1600 cit
801 1535 984 1600 enim
1038 1535 1448 1622 compilator
1497 1534 1795 1622 antiquis
1847 1534 2105 1623 regulis
2166 1554 2461 1600 canones
2510 1529 2840 1622 Concilii‚

602 1628 603 1631 ’
648 1635 838 1723 quod
881 1658 1029 1702 ann.
1075 1635 1247 1726 879.
1291 1634 1607 1705 habitum
1656 1653 1758 1704 est
1811 1635 2167 1703 adnitente
2208 1634 2497 1703 Phario:
2551 1634 2832 1704 decreta

646 1740 812 1806 item
855 1740 1133 1806 alterius
1172 1762 1322 1807 ann.
1378 1733 1549 1807 861.
1607 1739 1678 1806 in
1733 1739 1992 1827 templo
2033 1738 2530 1827 Apostolorum
2579 1740 2835 1830 coacti,

646 1839 834 1930 quod
902 1843 1197 1932 primum
1256 1859 1326 1909 et
1374 1840 1751 1910 secundum
1805 1840 2643 1931 Constantinopolitanum
2697 1863 2836 1910 vo·-

638 1962 797 2013 cant
839 1934 977 2041 (1).
1043 1943 1344 2013 Addidit
1393 1962 1642 2036 praeter
1695 1943 1837 2012 haec
1888 1943 2220 2012 Tharasii
2271 1944 2361 2012 ad
2413 1944 2830 2013 Hadrianum

636 2046 1041 2124 Pontificem
1083 2050 1479 2140 epistolam,
1530 2071 1685 2140 quae
1736 2045 2039 2116 Concilii
2096 2048 2365 2116 Nicaeni
2418 2049 2697 2118 nomine
2750 2049 2832 2117 de

637 2150 1162 2222 ordinationibus
1193 2170 1318 2242 per
1348 2155 1696 2244 pecuniam
1736 2151 1998 2219 minime
2024 2147 2371 2235 faciendis
2408 2151 2668 2240 scripta
2697 2167 2828 2221 est.

652 2296 655 2299 ὴ
741 2255 997 2326 ScHor..
1112 2254 1352 2325 Exstat
1389 2257 1574 2346 apud
1606 2257 2068 2345 Beveregium
2100 2272 2255 2322 tom.
2297 2277 2358 2321 1.
2389 2252 2443 2319 S
2432 2254 2636 2344 ynod.
2657 2271 2827 2346 pag.

642 2379 730 2446 33
754 2382 813 2426 r.
853 2360 1068 2446 Quum
1107 2357 1226 2427 hoc
1266 2360 1582 2427 Canonici
1624 2358 2001 2427 Groecorum
2040 2354 2255 2453 Juris
2293 2374 2574 2445 corpus,
2598 2358 2828 2446 inquit

635 2460 961 2529 laudatus
1003 2462 1423 2549 Beveregius
1468 2464 1536 2528 in
1578 2461 1847 2551 proleg.
1892 2481 1962 2526 n.
2013 2481 2125 2543 13.
2180 2459 2468 2526 omnibus
2511 2457 2632 2527 hoc
2682 2481 2824 2528 mo-

641 2562 723 2637 do
793 2565 1078 2633 numeris
1155 2562 1518 2631 ahsolutum
1556 2612 1579 2648 ‚
1644 2584 1977 2652 omnesque
2043 2561 2546 2630 Ecclesiasticae
2610 2585 2829 2632 causae

648 2688 735 2735 ex
798 2666 1142 2736 canonibus
1207 2670 1273 2734 in
1325 2667 1503 2735 illud
1546 2667 1847 2735 collectis
1893 2683 2018 2756 per
2069 2680 2278 2733 totam
2330 2663 2660 2734 Graeciam
2711 2665 2834 2732 di·-

625 2769 953 2865 judicatae
994 2766 1335 2860 fuissentt,
1392 2784 1626 2860 postea
1698 2772 1777 2837 de
1836 2768 2003 2860 ipsis
2065 2768 2410 2836 canonibus
2475 2785 2544 2836 et
2608 2790 2826 2837 eorum

643 2875 1057 2942 auctoritate
1121 2895 1437 2962 nunquam
1497 2889 1984 2943 controversum
2048 2888 2201 2958 est,
2266 2872 2384 2938 sed
2441 2885 2700 2939 tantum
2752 2872 2832 2940 de

646 2998 810 3043 vera
849 2976 1137 3067 ipsorum
1178 2975 1761 3065 interpretatione.
1813 2976 1960 3063 Quo
1996 2970 2265 3057 sacrum
2314 2989 2417 3040 est
2446 3025 2470 3060 .‚
2521 2988 2596 3044 ut
2652 2996 2832 3042 com-

633 3080 868 3171 plures
932 3079 968 3146 ἑ
1028 3079 1428 3148 doctissimis
1488 3082 1664 3146 viris
1723 3094 1791 3145 et
1852 3079 2039 3166 juris
2112 3077 2402 3145 cononici
2469 3078 2828 3165 peritissi-

642 3184 768 3259 mis
806 3184 1076 3252 multum
1136 3185 1348 3251 studii
1405 3205 1480 3250 ac
1537 3182 1784 3248 laboris
1839 3183 1910 3249 in
1963 3181 2052 3247 iis
2119 3180 2646 3268 interpretandis
2696 3180 2831 3245 im·

635 3288 1017 3379 penderint.
1071 3287 1152 3355 In
1215 3285 1320 3354 his
1381 3288 1681 3354 eminent
1747 3286 2088 3368 ZonaraS‚
2154 3285 2272 3371 qui
2338 3301 2629 3348 summos
2694 3281 2827 3348 sub

655 3391 702 3469 J
708 3412 926 3459 oanne
967 3388 1322 3460 Comneno
1365 3387 1655 3456 honores
1695 3388 1928 3476 gessit.
1967 3384 2257 3453 Vossius
2285 3385 2363 3450 de
2390 3383 2579 3450 Hist.
2612 3381 2829 3451 Graec.

649 3492 774 3559 lib.
810 3513 876 3561 2.
909 3512 1054 3582 cap.
1096 3488 1216 3557 26.
1259 3492 1694 3557 Saecularium
1735 3487 1988 3556 deinde
2029 3502 2349 3574 pertaesus
2392 3487 2829 3573 negotiorum

655 3597 927 3661 secessit
973 3596 1039 3661 in
1079 3593 1559 3678 solitudinem⁷
1603 3611 1807 3680 quam
1845 3590 2113 3680 aliquot
2152 3589 2414 3676 ingenii
2454 3608 2530 3652 ac
2570 3587 2833 3654 doctri·

650 3719 753 3764 nae
797 3698 1135 3784 praeclaris
1177 3696 1608 3762 monimentis
1644 3691 2092 3771 conficiendis
2143 3690 2476 3776 transegit
2531 3709 2665 3756 non
2718 3690 2832 3755 in-

647 3797 936 3889 glorius.
1010 3800 1286 3887 Scripsit
1366 3797 1852 3885 expositionem—
1922 3810 2264 3861 sacrorum
2331 3791 2832 3880 divinorumque

646 3924 988 3989 canonum,
1040 3925 1211 3993 opus
1262 3900 1304 3968 a
1356 3899 1740 3986 Beveregio
1788 3895 2058 3962 editum
2110 3892 2514 3962 nitidissime
2565 3897 2638 3963 in
2691 3896 2831 3986 Sy-

704 4018 826 4108 (1)
908 4020 1725 4105 Vid...NatulishAlexand-er
1752 4016 1898 4081 Saec.
1924 4016 2040 4077 IX.
2072 4016 2307 4076 dissert.
2328 4035 2410 4094 4.
2432 4021 2484 4098 §.
2530 4036 2587 4093 4.
2643 4039 2650 4046 ·
