3275 4784
1244 303 1293 360 c
1313 305 1365 358 A
1387 305 1432 358 Ρ
1448 303 1506 359 ιι
1528 305 1585 357 1·
1638 319 1648 325 ·
1684 305 1818 360 nr.
1857 268 1874 285 ’
2243 232 2252 241 ’
2467 278 2568 379 67

1288 526 1379 612 ,5.
1463 520 1727 595 XLIV.

592 707 1022 837 Eademque
1077 738 1559 813 auctoritate
1613 732 2001 813 Ecclesiae
2054 737 2437 834 competit.

573 947 745 1016 Haec
780 948 1068 1017 sancita
1099 961 1504 1066 comparata
1535 959 1740 1035 sunt,
1776 957 1855 1013 ut
1895 941 2352 1042 Moshemius,
2380 941 2607 1035 scrip-

412 1060 534 1122 tor
581 1051 814 1142 gravis
848 1053 1265 1142 minimeque
1302 1050 1673 1142 praecipitis
1720 1046 2036 1139 judicii,
2056 1044 2416 1138 Apostolis
2451 1068 2604 1116 eam
2725 1092 2730 1097 ·
2812 1056 2821 1065 “

420 1170 833 1244 potestatem
868 1176 1012 1228 non
1036 1154 1492 1245 adscripserit
1514 1169 1850 1242 tantum,
1885 1171 2131 1221 verum
2187 1151 2614 1220 considerate*

413 1268 700 1348 quoque
739 1258 1079 1359 justisque
1130 1259 1212 1328 de
1256 1259 1475 1328 causis
1536 1257 2004 1348 adscripserit.
2068 1253 2296 1324 Miror
2344 1268 2605 1343 autem,

409 1357 863 1431 lectissimum
894 1365 1129 1435 virum
1162 1363 1355 1433 illam
1391 1360 1750 1475 Apostolis
1777 1361 1876 1428 ita
1901 1357 2327 1446 vindicasse,
2355 1373 2434 1428 ut
2471 1377 2605 1426 ne·-

472 1480 624 1534 aret
699 1466 1245 1538 successoribus..
1312 1465 1555 1536 Nam
1584 1486 1744 1557 quae
1802 1460 2242 1533 instituendae
2306 1462 2606 1552 primum

408 1480 549 1660 ῗς.
608 1564 832 1638 XLII.
857 1559 942 1665 ),
975 1591 1056 1639 ac
1116 1562 1560 1641 conferendae
1622 1567 1981 1658 potestatis
2026 1562 2237 1635 causa
2300 1560 2442 1633 fuit
2482 1554 2607 1659 (5.

413 1659 748 1766 XLIII.)
763 1671 1046 1761 eadem,
1095 1688 1177 1743 ut
1214 1670 1307 1742 ad
1355 1690 1782 1743 successores
1821 1670 1894 1737 in
1933 1667 2272 1758 regimine
2312 1664 2618 1756 Episco-.

408 1789 541 1863 pos
590 1770 817 1842 nihilo
861 1773 1210 1845 diminuta
1243 1776 1615 1861 transiret,-
1652 1792 1878 1842 nonne
1929 1788 2211 1862 prorsus
2246 1767 2607 1861 exigebat}

406 1870 813 1965 Distinguit
859 1874 1020 1965 ille,
1068 1880 1251 1965 scio,
1285 1876 1601 1966 duplex
1579 1896 1656 1941 m
1690 1874 2046 1965 Apostolis
2083 1884 2380 1962 munus,
2414 1873 2606 1944 Doc-

405 1977 591 2044 toris
662 1992 734 2045 et
797 1974 1056 2068 Legati
1131 1976 1672 2046 extraordinarii
1735 1996 2000 2047 summa
2048 1996 2210 2046 cum
2257 1992 2603 2066 potestate

402 2076 751 2147 divinitus
792 2079 1018 2168 missi,
1053 2099 1354 2170 quorum
1381 2076 1567 2155 illud
1604 2075 1890 2197 quidenx
1914 2076 2006 2145 ad
2034 2098 2452 2165 successores
2487 2079 2606 2148 de·

404 2180 720 2251 rivatum
769 2175 1088 2271 fatetur,
1125 2202 1265 2252 non
1303 2200 1474 2254 vero
1501 2178 1726 2251 isthoc
1757 2181 1972 2251 etiam
2005 2169 2146 2275 (1).
2185 2178 2317 2248 Sed
2352 2182 2474 2269 qui
2500 2183 2604 2253 ita

401 2284 719 2355 sentiunt
743 2333 769 2373 ,
787 2307 963 2377 ·qua
1002 2286 1269 2356 ratione
1306 2282 1734 2372 conficiant,
1777 2281 2080 2351 docendi
2115 2282 2400 2373 quidem
2441 2304 2604 2356 mu·

399 2406 537 2457 nus
566 2434 592 2474 ,
628 2406 770 2457 non
818 2389 1030 2458 etiam
1069 2386 1478 2460 statuendi
1451 2410 1562 2480 Jus
1600 2400 2015 2480 perpetuum
2054 2407 2199 2455 esse
2233 2387 2308 2456 in
2345 2385 2604 2458 Eccle-‘

399 2488 513 2558 sia
547 2505 911 2581 oportere,
947 2511 1085 2585 ego
1124 2513 1264 2565 non
1301 2492 1625 2585 intelligo
1661 2486 2003 2582 profecto.
2042 2488 2228 2559 Nam
2265 2492 2366 2580 si,
2404 2491 2602 2584 quod

391 2594 788 2673 neccssaria
815 2593 1135 2667 doctrina
1161 2600 1290 2687 sit,
1317 2597 1496 2672 inde,
1516 2596 1864 2687 colligunt
1897 2594 2269 2685 doctorum
2296 2597 2601 2665 necessi-

388 2711 657 2787 tatem,
695 2718 823 2767 cur
858 2720 996 2769 non
1037 2721 1236 2792 aequo
1262 2699 1461 2770 nobis
1481 2699 1635 2793 jure
1673 2696 2043 2772 adfirmare
2073 2696 2322 2787 liceat,
2362 2717 2600 2769 neces⁴

399 2801 626 2871 sartos
661 2822 808 2870 esse
844 2803 918 2873 in
969 2801 1283 2875 Ecclesia
1322 2803 1591 2873 latores·
1627 2801 1866 2894 legum
1894 2849 1918 2891 ,
1954 2801 2216 2892 quippe
2254 2822 2409 2891 quae
2447 2802 2598 2873 sine

390 2898 511 2972 his
562 2922 703 2973 non
736 2908 975 2995 magis
1018 2907 1145 2977 diu
1196 2912 1343 2976 esse
1398 2904 1582 2977 felix
1620 2903 1896 2998 potest?
1949 2896 2069 3001 (§.
2121 2894 2402 3001 XLII.)
2450 2903 2597 2976 Vi-

396 3003 546 3072 deo
581 3004 764 3101 enim
803 3003 937 3072 hoc
988 3026 1117 3074 nec
1153 3011 1338 3095 ipsos
1371 3008 1657 3096 quidem
1691 3007 2124 3077 adversarios
2152 3027 2482 3080 revocare
2519 3010 2597 3082 in

394 3103 725 3174 dubium.
777 3102 983 3195 Qui,
1017 3108 1144 3174 etsi
1176 3108 1286 3198 jus
1329 3104 1466 3175 hoc
1505 3107 1682 3175 alius
1729 3107 2013 3196 quidem
2051 3111 2328 3177 summis
2386 3110 2596 3181 Prin·-

392 3206 711 3299 cipibus,
762 3209 944 3278 alius
990 3212 1204 3279 coetui
1252 3211 1386 3301 ipsi
1446 3205 2074 3298 Christianorum,
2100 3209 2280 3277 alius
2318 3209 2600 3284 demum

389 3307 690 3398 synodis
723 3311 1067 3382 tribuant:
1103 3313 1179 3382 in
1216 3310 1351 3382 hoc
1386 3328 1614 3383 tamen
1653 3310 1940 3382 mirifice
1967 3312 2406 3382 consentiunt
2444 3333 2597 3385 om-

389 3434 518 3487 nes
545 3464 570 3505 ,
608 3434 846 3487 carere
881 3414 1155 3509 legibus
1192 3408 1750 3489 Christianorum
1795 3416 2152 3489 civitatem
2191 3434 2336 3489 non
2364 3438 2592 3513 poss03

390 3537 481 3587 ac
521 3518 813 3607 proinde
848 3535 1172 3612 oportere
1197 3542 1342 3595 esse
1368 3520 1712 3615 aliquem,
1748 3522 1870 3615 qui
1900 3518 2232 3613 rogandis
2249 3523 2471 3593 ‘etiam‘
2495 3522 2600 3594 le··

392 3619 605 3709 gibus
642 3623 1011 3716 providere
1041 3628 1298 3718 possit,
1322 3646 1409 3698 ne
1433 3626 1611 3719 quid
1636 3645 1743 3697 res
1767 3624 2139 3697 christiana
2168 3624 2445 3717 publica
2472 3624 2593 3698 de

397 3722 711 3799 trimeuti
748 3730 1054 3817 patiatur
1091 3721 1233 3828 (τι).
1260 3730 1470 3802 Hunc
1496 3746 1729 3803 autem
1765 3749 1969 3821 quem
1996 3751 2139 3801 esse
2168 3732 2420 3803 rectius
2445 3746 2589 3802 sta-

388 3822 706 3917 memus,
743 3846 948 3918 quam
981 3829 1425 3927 Episcopos,
1434 3833 1690 3929 quihus
1703 3833 2037 3908 Christos
2073 3837 2240 3981 ipse
2258 3833 2590 3931 regendae

418 3969 609 4139 ξιξ
685 3962 837 4037 frist.
873 3965 1016 4041 hist.
1051 3980 1260 4045 christ.
1296 3978 1439 4051 seht.
1485 4010 1538 4050 1.
1540 3999 1742 4067 part.
1789 3972 1854 4055 h.
1869 3984 1954 4071 ς.
1992 4006 2080 4070 3.
2387 4070 2394 4075 ,

669 4056 1203 4144 Πυκνᾰερνθηόίῧ
1214 4068 1339 4143 jur
1346 4071 1672 4150 'wmbssss
1711 4078 1920 4130 1.‘2
1991 4130 2004 4139 ,
2199 4098 2212 4115 ·
2415 4068 2546 4107 ”’”“’
2581 4075 2604 4113 ”

1766 4171 1796 4225 2
2059 4186 2062 4191 .
