3275 4784
648 265 738 336 14
1419 261 1815 313 SECTIO
1886 264 1940 314 1.

590 405 715 454 nos
756 385 1012 455 divinae
1050 380 1254 475 hujus
1294 384 1594 451 civitatis
1640 385 1858 474 legem
1894 387 1958 451 in
1989 381 2212 453 salute·
2234 384 2612 455 animarum
2642 407 2763 479 po·

590 492 787 557 sitam
820 492 1073 580 primus
1103 491 1402 555 omnium
1434 488 1771 575 explicate
1802 489 2043 555 docuit
2070 489 2319 567 Joann.
2350 489 2477 558 VI.
2503 492 2765 580 38.4o.

585 591 742 681 Ipse
772 592 1099 661 Rectores
1130 591 1464 677 instituit,
1493 587 1915 679 formamque
1946 614 2022 657 ac
2053 592 2329 660 modum
2357 610 2762 683 perpetuum

583 696 938 786 regiminis
978 693 1487 762 determinavit.
1524 694 1780 761 Mattb.
1811 693 2004 762 XVI.
2049 717 2070 760 1
2092 694 2157 760 8.
2189 695 2339 784 Ipse
2370 711 2439 762 et
2468 718 2764 786 poenam,

586 815 656 867 et
698 820 911 886 poenae
954 818 1167 887 genus
1208 798 1495 864 sancivit
1539 797 1864 866 adtersus
1906 819 2060 881 eos,
2102 800 2218 886 qui
2276 801 2575 865 monenti
2617 798 2764 866 Ec-

583 902 805 968 clesiae
846 918 1094 969 temere
1137 921 1214 967 ac
1258 919 1374 989 per
1401 900 1897 968 contumaciam
1931 921 2182 969 morem
2214 920 2453 990 gerere
2481 901 2756 969 detrec-

582 1018 757 1072 tant.
824 1002 1080 1072 Matth.
1148 1002 1376 1070 XVII.
1445 1024 1554 1088 17.
1608 1003 1756 1091 Ipse
1811 1004 2109 1091 denique
2166 1024 2370 1092 quam
2429 1003 2500 1070 in
2553 1005 2755 1072 rebus

583 1107 820 1175 arduis
848 1123 1053 1196 atque
1081 1106 1419 1196 ambiguis
1446 1105 1878 1174 consultandi
1902 1104 2399 1194 judicandique
2430 1108 2764 1175 rationem

584 1224 818 1283 tenere
860 1232 980 1278 nos
1020 1210 1298 1293 deceat,
1339 1208 1647 1277 dilucide
1688 1209 2006 1299 exposuit
2051 1207 2308 1276 Matth.
2350 1209 2471 1275 loc.
2510 1210 2631 1277 cit.
2672 1211 2769 1277 li-

586 1316 919 1402 mitesque
960 1313 1390 1403 designavit‚
1433 1313 1610 1379 intra
1664 1332 1835 1401 quos
1886 1312 2226 1380 contineri
2284 1310 2536 1380 debeat
2585 1311 2760 1381 obe-

583 1415 824 1482 diendi
900 1418 1259 1484 necessitas
1338 1417 1614 1505 utrique
1692 1435 2024 1504 supremae
2099 1415 2423 1504 potestati
2499 1415 2788 1505 debita,-

585 1515 838 1596 Joann.
880 1518 1145 1587 XVIII.
1198 1515 1312 1605 36.
1359 1519 1572 1585 Mitto
1612 1520 1744 1586 alia
1798 1519 2135 1606 permulta
2187 1517 2490 1607 ejusdem
2542 1540 2760 1607 gene-

583 1622 722 1707 τῖε,
765 1642 918 1708 quae
957 1621 1230 1688 divinos
1270 1620 1543 1688 codices
1584 1620 1970 1710 legentibus
2012 1622 2249 1708 ignota
2302 1642 2444 1689 esse
2483 1623 2759 1689 minime

589 1739 894 1812 possunt.
923 1719 1133 1791 Conf.
1166 1723 1508 1792 Fenerlini
1540 1725 1704 1790 diss.
1732 1723 1811 1790 de
1836 1722 2120 1793 Christo
2147 1745 2309 1794 novo
2344 1724 2763 1819 legislatore.

593 1823 916 1920 Goeting.
988 1850 1013 1895 1
1031 1846 1208 1919 739.
1518 1929 1558 2014 ς
1688 1926 1822 1997 ΧΠ

1236 2124 1657 2203 Auxerunt
1717 2125 2112 2224 Apostoli.

687 2344 1067 2422 Collectam
1108 2350 1203 2418 ita
1240 2365 1446 2438 atque
1477 2348 1865 2419 ordinatam
1904 2348 2219 2420 fidelium
2247 2345 2760 2418 multitudinem

588 2449 944 2541 Apostolis
982 2450 1353 2538 regendam
1391 2450 1900 2520 commendavit
1921 2451 2241 2516 Christus
2269 2442 2385 2544 (1)
2415 2454 2761 2521 instructis

587 2574 801 2644 quum
842 2553 994 2621 aliis
1019 2551 1219 2620 donis
1246 2551 1335 2620 ad
1368 2552 1667 2620 muneris
1693 2552 2150 2641 expletionem
2170 2555 2588 2641 necessariis,
2617 2572 2761 2624 tum

585 2670 927 2747 potestate
965 2676 1281 2746 quoque,
1333 2677 1468 2744 qua
1503 2654 1655 2746 jure
1709 2669 1982 2744 possent
2030 2655 2447 2723 constituere
2507 2673 2760 2743 cetera,

588 2781 741 2849 quae
778 2758 870 2828 ad
906 2757 1288 2826 ornandum
1329 2758 1621 2844 supremi
1665 2757 1987 2826 Numinis
2025 2758 2289 2827 cultum
2342 2757 2590 2826 idonea
2643 2780 2760 2827 es-

590 2878 741 2930 sent
779 2851 920 2955 (2),
960 2876 1030 2927 et
1069 2859 1310 2927 ordine
1351 2859 1521 2926 alios
1563 2860 1846 2948 parique
1886 2881 2042 2928 cum
2082 2861 2496 2930 auctoritate
2537 2859 2761 2950 praefl·

592 2985 747 3033 cere
787 2961 1065 3033 futuros
1107 2979 1257 3053 post
1296 2984 1366 3029 se
1407 2958 1961 3031 Christianorum
1999 2980 2301 3031 coetuum
2330 2960 2771 3031 Gubernato··

592 3086 699 3134 res
738 3055 878 3162 (3).
910 3065 1003 3133 Et
1043 3086 1209 3134 vero
1247 3067 1407 3134 satis
1448 3081 1753 3154 constat,
1793 3063 2158 3156 Apostolos
2197 3067 2360 3134 data
2399 3064 2528 3131 sibi
2577 3064 2765 3133 divi-

589 3170 777 3238 nitus
819 3174 1153 3259 potestate
1195 3190 1400 3258 quam
1439 3169 1734 3260 primum
1774 3171 1982 3237 etiam
2023 3190 2178 3237 usos
2214 3165 2452 3236 fuisse.
2489 3165 2765 3236 Docent

593 3274 774 3341 enim
817 3271 947 3343 hoc
988 3274 1341 3363 perspicue
1382 3293 1486 3340 res
1527 3271 1613 3339 ab
1656 3274 1736 3339 iis
1777 3288 2019 3361 gestae:
2060 3271 2313 3339 docent
2350 3268 2439 3337 ad
2467 3265 2800 3337 forman--

597 3375 724 3443 dos
738 3373 1285 3446 Christianorum
1307 3393 1453 3444 tam
1493 3375 1803 3463 publicos
1831 3395 2033 3463 quam
2062 3376 2366 3463 privatos
2401 3392 2618 3440 mores
2633 3372 2776 3441 edi·

597 3494 687 3547 tae
724 3481 1580 3594 praeceptiones3³quaroum
1621 3476 1819 3564 plena
1857 3493 1959 3542 est
1986 3474 2542 3566 Apostolica'rum
2571 3473 2773 3562 Epis-

600 3580 938 3673 tolarum‚
952 3580 1172 3650 Pa'uli
1206 3580 1623 3670 cumprimis
1642 3578 1876 3647 series
1885 3567 2030 3675 (4).
2068 3576 2505 3647 Exercebant
2541 3578 2772 3643 a'utem

721 3775 778 3843 ι)
858 3773 1075 3849 Joann.
1113 3770 1252 3829 ΧΧ.
1289 3788 1386 3832 21.
1420 3771 1563 3829 Luc.
1599 3769 1710 3831 VI.
1752 3792 1844 3849 13.

681 3772 780 3934 ἔα)
863 3853 1004 3910 Luc.
1042 3852 1118 3909 Χ.
1162 3840 1706 3935 16.AdCor.XI.
1743 3871 1860 3946 34.
1928 3911 1938 3918 ,

724 3954 758 4010 3
873 3932 1106 3991 Act.1.
1142 3930 1237 3990 26.

676 3932 1963 4095 {4Doujat,lib.'2.cap.1÷l³.§-15·‘
2027 4018 2058 4053 ·’
