3275 4784
1242 285 1622 349 carum·
1708 266 1933 351 vir.
2505 296 2650 381 255

506 441 680 513 opus
717 413 860 497 εεῐζ,
898 431 1545 489 vera‘monumenta
1551 419 1949 522 praesertim
1978 429 2324 489 vetustate
2353 433 2703 522 commen-

505 522 733 594 data
709 546 751 591 a
791 498 983 592 falsis
1023 509 1439 592 discernere.
1491 497 1573 592 In
1611 510 2010 617 hujusmodi
2049 522 2550 616 disceptatione
2587 547 2699 619 ea,

504 647 657 719 quae
695 627 885 716 dixi,
921 627 1369 698 emendandae
1405 625 1721 697 lectionis
1758 626 2068 697 subsidia
2119 627 2429 699 nondum
2491 627 2705 700 suffi-

503 732 723 801 ciunt.
763 729 1022 800 Omnes
1060 731 1411 800 interdum
1471 731 1756 800 Criticae
1821 731 1999 800 artis
2026 780 2049 820 ,
2088 753 2168 800 ac
2222 730 2711 826 Diplomaticae

503 835 693 905 vires
732 834 1188 904 admovendae
1224 832 1422 924 suni,
1475 851 1580 928 ut,
1631 833 1813 928 quid
1893 855 2174 925 verum,
2227 836 2400 927 quid
2454 835 2709 909 falsum

510 939 639 1027 sit,
673 928 1118 1009 ac-sublestae
1174 937 1384 1028 fidei,
1422 938 1796 1009 decernere
1861 939 2093 1009 liceat.
2170 940 2303 1008 His
2376 943 2723 1034 scientiiS,

512 1043 635 1133 qui
662 1039 774 1133 ju‘s
805 1063 1084 1113 sacrum
1121 1035 1647 1138 interpretaturi
1712 1058 1910 1132 sunt,
1958 1061 2194 1114 carere
2263 1043 2455 1115 nullo
2504 1046 2717 1116 modo
2804 1077 2807 1080 ·

509 1161 841 1238 possunt,
869 1145 1000 1216 nisi
1042 1144 1229 1219 forte
1267 1147 1441 1218 nihil
1472 1164 1703 1218 nostra
1734 1145 1993 1235 refert,
2034 1162 2186 1216 acta
2215 1143 2720 1238 Conciliorum,

522 1248 895 1321 Patrumve
937 1254 1192 1344 scripta
1229 1253 1615 1346 quusmodi
1657 1253 1847 1342 sint,
1888 1248 2101 1340 nihil,
2140 1253 2373 1340 spuria
2420 1241 2595 1341 sin't,
2631 1273 2722 1322 an

523 1353 787 1446 proba,
822 1354 1238 1425 Pontificum
1279 1356 1813 1449 Principumque
1851 1353 2255 1445 diplomata.
2301 1354 2530 1444 Atque
2586 1357 2729 1424 uti-

511 1477 683 1526 nam
724 1479 861 1528 non
902 1481 970 1528 se
1007 1477 1147 1528 tam
1184 1456 1465 1529 facilem
1504 1464 1576 1529 in
1618 1457 2065 1529 admittendis
2092 1456 2517 1552 apocryphis
2541 1480 2725 1550 prae-

527 1560 788 1632 buisset
831 1562 1064 1631 schola
1117 1565 1481 1634 recentior.
1509 1552 1878 1634 ¹Concinna
1920 1551 2203 1652 utique,
2244 1562 2486 1651 plana,
2525 1584 2727 1654 expe·

519 1662 811 1754 diraque
853 1666 1430 1758 jurisprudentia·
1462 1669 1854 1753 uteremur,
1917 1687 2073 1757 quae
2138 1684 2320 1732 nunc
2350 1666 2729 1758 inornata,

527 1787 755 1837 secum
797 1770 942 1858 ipsa
985 1787 1337 1859 pugnans,
1379 1769 2057 1859 implicatissimaque
2094 1766 2674 1857 deprehenditur.

591 1868 599 1874 ’
635 1869 894 1948 Senot..
1000 1872 1081 1940 In
1124 1872 1700 1950 documentorum
1753 1886 2025 1959 autem,
2063 1886 2143 1939 ut
2184 1867 2524 1940 factorum
2564 1895 2731 1944 exa-

534 1974 757 2064 mine,
792 1973 937 2043 duo
977 1990 1135 2042 sunt
1171 1996 1257 2042 ex
1296 1995 1494 2064 aequo
1534 1971 1877 2064 fugienda
1919 1975 2129 2068 vitia:
2170 1975 2396 2042 nimiae
2431 1976 2731 2047 alterum

537 2101 618 2148 ac
645 2077 1136 2170 superstitiosae
1174 2075 1653 2164 credulitatis,
1700 2076 1960 2143 criticae
2032 2076 2324 2144 alterum
2389 2070 2736 2171 intempe-

537 2184 755 2252 rantis
795 2202 874 2250 ac
914 2181 1318 2250 temerariae.
1355 2177 1542 2247 -Nam
1577 2178 1991 2270 conjecturis
2030 2177 2395 2268 indulgere
2446 2182 2733 2253 nimium

542 2301 611 2354 et
649 2301 889 2375 sponte
931 2306 1015 2353 ne
1045 2284 1268 2351 lucem
1306 2281 1588 2370 videaS,
1643 2280 1883 2351 oculos
1948 2279 2315 2369 claudere,
2379 2303 2503 2372 par
2563 2285 2735 2355 mihi

540 2388 937 2477 insipientia
975 2383 1444 2476 videtur..De'
1474 2381 1643 2453 artis
1698 2379 1980 2451 Criticae
2043 2383 2345 2453 utilitate
2384 2385 2457 2453 in
2497 2386 2544 2466 J
2549 2390 2732 2457 uris-

535 2491 949 2583 prudentia,
985 2489 1213 2579 deque
1270 2487 1434 2557 boni
1472 2488 1698 2558 critici
1730 2482 1973 2556 officio
2012 2486 2370 2577 eleganter
2409 2487 2737 2579 praefatus

543 2608 646 2661 est
687 2594 891 2673 Joan.
953 2592 1184 2663 Gottl.
1241 2591 1662 2660 Heineccius
1700 2589 2304 2662 observationibus
2339 2587 2556 2663 Corn.
2595 2615 2734 2665 van

489 2741 498 2744 τ
540 2694 1114 2784 Bynckershoek.
1155 2693 1364 2764 Adde
1403 2689 1569 2763 huic
1604 2694 1820 2764 Laur.
1865 2690 2210 2762 Moshem.
2276 2692 2478 2763 Orat.
2518 2697 2598 2765 de
2636 2720 2737 2787 e0,
2808 2785 2813 2790 .

535 2803 718 2891 quod
747 2800 1012 2871 nimium
1049 2817 1158 2871 est
1195 2800 1265 2868 in
1313 2799 1564 2869 studiis
1611 2798 1907 2869 criticis.
1946 2798 2229 2868 Honor.
2270 2792 2338 2880 ,ὲ
2388 2796 2456 2866 8.
2505 2795 2739 2871 Maria

537 2903 1174 2988 Animadversiones
1236 2904 1342 2973 in·
1381 2905 1661 2999 regulas
1728 2919 1799 2973 et
1865 2921 2046 2972 usum
2121 2900 2420 2972 critices.
2484 2903 2729 2973 Vener.

469 3046 478 3050 -
547 3002 770 3091 1768.
809 3006 1126 3076 Fleurius
1166 3007 1236 3074 in
1276 3007 1470 3076 Hist.
1496 3005 1763 3076 Eccles.
1801 3006 1966 3075 diss.
2004 3030 2080 3095 4.
2130 3008 2195 3091 §.
2222 3027 2298 3095 7.
2337 3021 2407 3075 et
2447 3007 2611 3079 diss.
2654 3028 2728 3102 9.

544 3109 605 3197 §.
631 3124 774 3178 ·21.

739 3263 748 3270 .
1404 3213 1467 3299 §-
1575 3207 1866 3280 CCXII.

910 3426 921 3438 “
979 3426 1688 3526 Interpretatt‘ones
1715 3422 2294 3499 Grammatic‘ae.

709 3635 839 3706 Sed
869 3634 958 3707 de
1008 3634 1459 3729 Philologicae
1495 3634 2088 3725 interpretationis
2130 3649 2322 3723 parte
2362 3630 2482 3703 illa
2509 3685 2533 3726 ,
2592 3660 2746 3730 quae

555 3740 625 3807 in
669 3742 983 3829 genuinis
1010 3740 1324 3832 fictisque
1350 3730 1621 3829 scriptis
1655 3738 2088 3828 judicandiS,
2115 3759 2193 3804 ac
2224 3759 2383 3806 vera
2402 3760 2742 3812 canonum

559 3843 953 3931 indaganda
993 3843 1289 3916 lectione
1329 3858 1686 3930 versatur,
1718 3841 1855 3933 jam
1891 3842 2096 3911 etiam
2139 3842 2426 3910 nimium
2454 3840 2746 3914 fortasse

560 3942 987 4033 disputatum
1025 3962 1150 4015 est.
1206 3948 1524 4016 Alterum
1562 3963 1666 4016 est
1705 3965 1962 4037 genuS,
2001 3944 2193 4035 quod
2234 3946 2740 4035 interpretatio·

562 4068 713 4116 nem
743 4045 1278 4119 Grammaticam
1316 4052 1709 4142 appellavi,
1750 4072 1900 4141 quae
1939 4047 2224 4139 quidem
2251 4048 2469 4114 omnis
2506 4048 2575 4118 in
2603 4045 2739 4126 hoc
