3275 4784
752 241 851 337 48
1518 256 1944 314 sEcT1o
2043 256 2098 306 n

697 388 899 476 plura
940 384 1084 476 ejus
1128 383 1396 475 generis
1432 379 1710 469 officia,
1772 379 1862 449 de
1902 375 2153 469 quibus
2215 375 2287 443 in
2351 386 2546 466 parte
2612 374 2890 467 speciali

698 507 952 580 agetur
1000 488 1395 576 diligenter.

799 593 1052 660 Senot„
1157 589 1266 657 De
1306 586 1740 679 singulorum
1781 587 1851 654 in
1891 586 2291 675 episcopatu
2332 580 2682 674 graduum
2735 588 2877 656 ori-

692 695 967 786 ginibus
1009 694 1198 761 varie
1239 692 1372 761 viri
1413 695 1621 760 etiam
1649 690 2026 757 doctissimi
2056 689 2385 756 sentiunt.
2427 685 2587 776 Ego
2622 689 2722 755 ita
2746 706 2879 758 sta-
2912 777 2915 781 ὓ
2989 702 3008 713 “

689 816 861 867 tuo:
927 795 1077 863 Etsi
1117 796 1497 885 apostolica
1563 793 2007 862 ecclesiarum
2041 788 2496 881 quarumdam
2533 790 2871 864 institutio

685 900 773 969 ad
814 899 1317 967 conciliandam
1358 897 1463 965 his
1517 898 1886 988 quamdam
1924 917 2061 985 prae
2100 896 2345 987 ceteris
2394 896 2873 966 auctoritatem

687 999 1005 1071 nonnihil
1044 1002 1456 1089 contulerit,
1507 1023 1780 1070 omnem
1818 1018 2043 1071 tamen
2080 1021 2165 1066 ex
2219 997 2341 1065 illa
2394 999 2876 1071 auctoritatem

688 1109 904 1195 repeti
950 1127 1084 1172 non
1124 1128 1342 1194 posse.
1397 1105 1675 1173 Etenim
1740 1103 1885 1171 haec
1950 1125 2089 1171 una
2148 1103 2202 1169 si
2267 1123 2470 1168 causa
2532 1118 2873 1175 statuatur

646 1253 650 1257 -
684 1211 1152 1278 eminentioris
1180 1210 1541 1297 dignitatis
1573 1209 2105 1298 potestatisque,
2143 1224 2267 1274 cur
2297 1204 2870 1290 Hierosolymita-

688 1334 773 1382 na
813 1312 1097 1379 ecclesia
1157 1316 1373 1401 prima
1439 1314 1779 1399 omnium,
1841 1327 1911 1378 et
1950 1310 2037 1377 ab
2080 1313 2227 1399 ipso
2258 1305 2540 1375 Christo
2577 1304 2871 1380 fundata

685 1407 792 1513 (§.
830 1405 1010 1511 IV.)
1071 1413 1399 1484 Caesareae
1449 1416 1728 1484 subdita
1790 1412 1921 1482 sit?
1984 1434 2111 1483 cur
2176 1405 2614 1485 Antiochena
2679 1413 2875 1481 ordi-

683 1542 770 1588 ne
823 1522 1163 1608 posterior
1211 1536 1310 1587 est
1363 1516 1885 1587 Alexandrina?
1933 1538 2060 1586 cur
2110 1513 2877 1604 Constantinopolitana

684 1620 1260 1713 patriarchalibus
1308 1622 1613 1690 ecclesiis
1663 1619 2378 1717 connumerata2'.His
2426 1617 2709 1706 quidem
2746 1643 2875 1687 ex-

678 1725 1015 1816 plicandis
1057 1727 1343 1814 vulgata
1384 1724 1471 1793 de
1512 1725 1781 1814 origine
1822 1715 2387 1813 patriarchalium
2424 1721 2687 1790 sedium
2716 1722 2876 1791 doc·

679 1830 857 1898 trina
908 1849 1042 1907 non
1072 1825 1352 1909 sufficit
1417 1824 1760 1917 profecto.
1822 1824 1919 1894 Ut
1970 1826 2059 1893 de
2110 1824 2579 1915 Metropolitis
2632 1824 2867 1907 Exar-

669 1932 957 2021 chisque
1006 1930 1405 2000 dioecesium
1440 1930 1612 1998 nihil
1650 1950 2217 2018 commemorem,
2267 1929 2561 2018 quorum
2615 1929 2685 1995 in
2737 1951 2865 1997 ec-
2956 1993 2965 2000 .

671 2035 1064 2103 clesiasticis
1104 2035 1348 2122 politia
1386 2033 1564 2104 adeo
1602 2036 1930 2125 congruit
1969 2056 2129 2102 cum
2166 2033 2408 2123 politia
2433 2030 2629 2100 civili
2659 2033 2870 2122 impe·

675 2139 761 2205 rii
791 2137 1085 2207 Romani
1111 2136 1568 2208 Constantino
1596 2140 2006 2228 imperatore
2036 2135 2472 2221 introducta,
2498 2152 2577 2204 ut
2603 2126 2874 2205 certum

674 2243 894 2330 magis
960 2263 1166 2332 quam
1231 2242 1602 2311 verisimile
1664 2241 2029 2331 videatur,
2088 2240 2276 2309 illam
2330 2237 2424 2315 ,ad
2474 2238 2874 2328 exemplum

668 2345 865 2413 istius
899 2349 1348 2435 compositam
1403 2344 1641 2415 fuisse.
1693 2345 1932 2428 Quare
1980 2344 2319 2434 superiori
2373 2339 2517 2410 haec
2564 2362 2858 2431 quoque

666 2447 1062 2535 adjugenda
1097 2466 1198 2514 est
1239 2446 1457 2535 ratic,
1510 2449 1637 2515 etsi
1691 2444 1868 2514 hanc
1908 2445 2163 2514 deinde
2212 2448 2285 2514 in
2339 2447 2539 2516 novis
2588 2442 2868 2515 Metro-

667 2544 942 2638 polibus
994 2547 1320 2617 Ecclesiae
1364 2547 1803 2618 instituendis
1852 2549 2239 2640 neglectam
2290 2547 2680 2635 interdum,
2744 2563 2875 2617 aut

666 2671 907 2742 parum
945 2654 1135 2741 pensi
1175 2651 1483 2722 habitam
1518 2651 1731 2723 fuisse
1784 2673 1923 2722 non
1972 2651 2263 2721 inficiet.
2316 2651 2465 2730 Jos'.
2517 2647 2874 2742 Bingham

671 2755 853 2850 orig.
895 2758 1126 2826 eccles.
1165 2756 1285 2825 lib.
1327 2776 1397 2847 9.
1438 2775 1587 2846 cap.
1634 2780 1697 2824 1.
1733 2757 1877 2843 juol-
1921 2776 1989 2843 3.
2012 2772 2186 2845 pag.
2246 2771 2419 2839 371.
2468 2772 2652 2840 seqq.
2828 2751 2832 2755 ’

1542 2960 1604 3047 §.
1709 2951 1966 3030 XXXI.

1375 3171 1771 3250 Conclusio
1816 3169 2139 3269 capitis.

819 3384 1176 3454 Hactenus
1228 3385 1316 3452 de
1369 3382 1681 3452 Ecclesia
1732 3377 2103 3449 christiana
2156 3376 2555 3469 generatim.
2617 3375 2851 3461 Quam

662 3482 944 3569 quidem
985 3509 1072 3552 ex
1114 3487 1233 3571 iis,
1269 3509 1421 3575 quae
1462 3485 1733 3555 duobus
1773 3481 1880 3550 his
1918 3480 2256 3572 capitibus
2283 3479 2629 3569 disputata
2658 3497 2854 3572 sunt,

662 3581 870 3652 facile
913 3585 1212 3676 intelligi
1251 3604 1515 3678 potest,
1567 3588 1963 3655 societatem
2000 3607 2143 3653 esse
2183 3579 2225 3652 a
2260 3582 2660 3663 Judaeorum
2695 3604 2850 3650 coe-

661 3702 741 3757 tu
783 3681 824 3751 Ξῑ
875 3684 1157 3756 Christo
1211 3692 1358 3780 ipso
1422 3690 1794 3783 sejunctam
1859 3678 1964 3784 (ς.
2024 3687 2156 3756 ΙΙΙ.
2222 3674 2495 3782 seqq.)‚
2555 3685 2851 3760 vinculo

664 3812 802 3862 non
864 3791 1189 3859 interiore
1251 3795 1511 3882 solum,
1573 3814 1818 3862 verum
1870 3807 2155 3859 externo
2203 3810 2478 3881 quoque
2538 3786 2707 3855 fidei
2771 3808 2851 3863 et

662 3891 1017 3966 charitatis
1052 3893 1447 3981 colligatam
1500 3887 1601 3988 (ξ.
1640 3895 1807 3962 VII.
1857 3881 2132 3988 seqq.)‚
2181 3879 2335 3985 Iluae
2373 3892 2501 3962 sub
2538 3912 2851 3963 commu-

663 4004 734 4070 ni
788 3998 1286 4093 Episcoporum
1336 3986 1441 4092 (ξ.
1489 3997 1576 4063 Χ.
1613 4012 1685 4064 et
1723 3983 1929 4092 XL),
1979 4013 2189 4090 atque
2242 3998 2451 4070 unius
2502 4000 2847 4092 praecipue
