3275 4784
751 186 851 266 40
1549 179 1931 234 sEc‘r1o
1994 181 2052 229 1.

701 332 896 403 super
936 306 1153 378 Israb'l
1187 302 1324 407 (1).
1364 302 1465 375 Ut
1503 305 1677 395 quid
1719 320 1948 372 autem
1989 300 2281 391 repeti-ta
2325 291 2471 367 haec
2512 300 2603 370 de
2657 326 2878 383 amore

701 414 1206 505 interrogatio?
1247 433 1371 480 cur
1412 415 1777 497 repetitum
1818 409 1906 474 de
1964 406 2307 495 pascendo
2347 404 2627 475 Domini
2683 434 2884 506 grege

697 519 1094 587 mandatum
1136 517 1344 584 datur
1381 513 1633 596 Petro,
1677 515 1726 577 si
1774 513 2036 577 nullum
2097 511 2481 598 peculiare,
2536 516 2801 585 nullum
2847 517 2883 588 ὲ

696 625 940 691 ceteris
980 621 1332 711 Apostolis
1374 619 1773 683 distinctum
1826 618 1888 680 ei
1946 635 2188 679 munus
2225 615 2552 689 collatum
2603 620 2751 686 est?
2808 639 2879 690 ut

691 725 826 792 alia
866 740 1124 791 taceam
1167 720 1203 788 ὲ
1244 724 1446 788 sacris
1487 720 1739 786 litteris
1776 737 2220 806 argumenta,
2257 719 2476 785 veluti
2508 723 2702 808 quod
2731 728 2874 812 pri-

686 846 835 895 mus
872 830 1216 911 omnium,
1267 826 1537 914 quoties
1594 823 2087 911 Apostolorum
2143 823 2357 886 initur
2405 844 2651 890 census
2683 875 2704 911 ‚
2745 850 2868 894 no·-

687 921 1171 1025 minetur.(2).·‚
1205 930 1482 995 seorsim
1513 949 1686 1014 saepe
1716 923 1757 992 a
1782 928 2024 992 ceteris
2059 942 2354 1014 ponatur
2383 941 2731 1015 tamquam
2761 934 2870 1018 qui

685 1038 1150 1124 principatum
1179 1033 1486 1098 obtineat
1514 1021 1668 1126 (3)3
1698 1048 1904 1118 atque
1931 1031 2061 1095 alia
2082 1028 2282 1118 hujus
2299 1034 2565 1118 generis
2579 1036 2888 1122 complu·

687 1157 764 1204 ra
800 1138 1209 1204 Bellarmino
1250 1137 1317 1201 in
1359 1136 1592 1223 primis
1630 1137 1833 1200 anxie
1895 1134 2278 1221 conquisita
2338 1122 2487 1226 (4),
2539 1157 2693 1222 quae
2741 1137 2883 1203 Pe-

689 1253 867 1307 trum
906 1239 1117 1308 fuisse
1156 1241 1403 1308 ceteris
1446 1239 1800 1327 Apostolis
1841 1239 2200 1326 praelatum
2242 1256 2378 1303 non
2417 1237 2737 1329 ambigue
2781 1243 2884 1310 in-

703 1345 1004 1413 sinuant.

791 1446 1053 1517 Senon.
1161 1446 1411 1537 Neque
1454 1470 1611 1516 sane
1652 1468 1793 1516 rem
1833 1445 2256 1531 conficiunt,
2297 1447 2416 1534 qui
2460 1446 2740 1516 Petrum
2768 1472 2881 1519 ce·

689 1553 852 1619 teris
894 1553 1138 1619 ordine
1181 1555 1618 1641 praepositum
1660 1554 1887 1639 ajunt,
1928 1554 2092 1640 quia
2133 1553 2285 1616 aliis
2323 1571 2442 1616 seu
2481 1568 2727 1640 mate,
2755 1575 2869 1621 seu

685 1654 1030 1721 vocatione
1067 1656 1417 1741 antiquior
1459 1651 1698 1720 fuerit.
1731 1654 1913 1719 Nam
1954 1654 2042 1719 ad
2082 1655 2514 1721 vocationem
2544 1657 2732 1745 quod
2763 1675 2865 1725 at·-

687 1759 899 1843 tinet‚
941 1755 1287 1822 Andream
1331 1756 1534 1823 Petro
1577 1758 1874 1844 priorem
1917 1752 2169 1840 fuisse,
2209 1778 2297 1823 ex
2340 1758 2584 1834 Joann.
2619 1780 2773 1848 cap.
2814 1759 2870 1827 Ι.

688 1883 815 1949 40.
866 1880 1044 1948 seqq.
1087 1860 1383 1947 intelligi
1441 1878 1691 1948 potest.
1734 1857 1913 1927 Uter
1953 1876 2185 1927 autem
2236 1859 2533 1929 duorum
2589 1858 2883 1933 fratrum

686 1982 884 2031 aetate
924 1964 1220 2031 alterum
1259 1967 1731 2051 superaverit,
1770 1966 2093 2053 quoniam
2129 1965 2470 2051 scriptura
2496 1969 2722 2051 tacet,
2758 1965 2878 2034 de·

686 2067 1042 2154 finiri-pro
1093 2085 1288 2135 certo
1333 2088 1469 2135 non
1524 2083 1791 2157 potest,
1843 2084 1923 2134 ut
1977 2089 2114 2135 non
2169 2065 2523 2136 diffitetur
2576 2069 2885 2159 Basnage

692 2172 912 2240 annal.
956 2171 1185 2236 eccles.
1216 2171 1426 2260 polit.
1483 2173 1571 2238 ad
1623 2193 1852 2237 annum
1915 2192 2032 2257 30.
2089 2175 2148 2255 ς.
2216 2193 2248 2257 3
2267 2193 2330 2257 3.
2383 2171 2720 2239 Batonius
2776 2189 2890 2240 ta-

693 2295 848 2342 men
901 2274 1251 2341 Andream
1300 2293 1500 2341 aetate
1556 2276 1875 2365 majorem
1930 2277 2205 2366 putavit
2271 2275 2489 2342 annal.
2556 2297 2703 2342 ann.
2772 2296 2894 2361 31.

694 2383 757 2470 §.
802 2401 920 2469 24.
961 2400 1095 2470 qua
1137 2381 1208 2446 in
1248 2401 1317 2446 re
1358 2377 1830 2468 Epiphanium
1871 2377 2040 2445 lzaer.
2090 2401 2210 2465 51.
2255 2398 2620 2450 auctorem
2663 2377 2899 2448 habet.

1604 2551 1670 2674 ς.
1733 2584 1992 2656 XXVI.

1033 2800 1150 2875 Et
1197 2798 1650 2871 Sanctorum
1698 2797 2021 2869 Parrum
2077 2792 2534 2869 traditione.

840 3001 975 3074 Cui
1018 3001 1296 3095 quidem
1325 2999 1879 3090 interpretationi
1905 2995 2205 3091 omnislS
2210 3011 2551 3062 anctorum
2582 2992 2872 3071 Patrum

686 3108 1113 3199 suffragatur
1155 3106 1463 3176 traditio.
1502 3104 1868 3171 Innumera
1911 3124 2079 3192 pene
2111 3115 2267 3167 sunt
2308 3120 2546 3168 eorum
2588 3104 2659 3165 in
2703 3099 2882 3168 hanc

694 3234 833 3280 rem
879 3216 1307 3286 testimonia,
1351 3233 1501 3301 quae
1543 3230 1683 3299 prae
1721 3208 1965 3275 ceteris
2016 3204 2538 3294 diligentissime
2595 3203 2667 3268 in
2719 3204 2892 3270 cul-·

698 3319 959 3382 tissimo
996 3317 1529 3382 christianarum
1558 3312 2048 3399 antiquitatum
2080 3329 2283 3399 opere
2310 3306 2592 3394 collegit
2632 3326 2708 3371 er
2727 3304 2895 3370 udi-

698 3419 996 3483 tissimus
1051 3416 1516 3506 Mamaclzius‚
1564 3412 1603 3483 ὲ
1656 3414 1904 3506 quibus
1941 3411 2333 3482 adferemus
2372 3430 2612 3502 pauca.
2667 3405 2890 3474 Sanc·-

826 3707 883 3787 1)
967 3711 1055 3768 ΙῙ.
1094 3711 1232 3791 Reg
1264 3727 1386 3786 cap.
1423 3710 1502 3771 V.
1544 3732 1597 3769 α.

820 3790 883 3869 ¹2)
967 3792 1199 3849 Matth.
1236 3794 1311 3851 X.
1352 3814 1405 3851 α.
1440 3794 1633 3849 Marc.
1669 3793 1793 3850 ῙῙῙ.
1835 3792 1925 3848 16.

819 3871 883 3953 3)
969 3875 1160 3931 Marc·
1198 3874 1248 3928 Ι.
1289 3875 1383 3947 36.
1428 3874 1560 3929 Luc.
1600 3873 1777 3927 VIII
1821 3888 1918 3945 45.
1955 3868 2110 3933 Act.
2140 3872 2226 3934 ῙῙ.
2267 3889 2362 3950 14.
2439 3922 2442 3925 ,

795 3953 891 4041 (4)
975 3952 1110 4013 Lih.
1156 3973 1207 4013 1.
1241 3954 1311 4014 de
1344 3952 1508 4012 Rom.
1539 3952 1717 4009 Pont.
1753 3963 1880 4026 nup.
1917 3970 1975 4028 4.
