3275 4784
689 209 781 304 58
1461 227 1884 285 snc‘mo
1981 234 2038 285 1.

632 357 760 444 sit,
824 355 939 446 qui
1006 356 1187 425 circa
1236 370 1386 425 ann.
1448 378 1666 446 1432.
1719 358 2061 448 scripsisse
2112 353 2422 424 creditur
2478 356 2804 433 Nicolaus

640 461 720 527 de
761 458 980 545 Cusa,
1045 479 1251 551 atque
1290 461 1409 529 alii
1463 464 1716 551 plureS.
1772 460 1865 529 Et
1915 483 2326 551 quamquam
2379 468 2628 531 saeculo
2684 470 2818 535 de-

637 566 817 632 cimo
857 584 1051 634 sexto
1092 562 1154 631 F
1161 567 1488 632 ranciscus
1515 563 1883 635 Turrianus
1927 565 2400 633 collectionem
2431 564 2604 634 hanc
2633 573 2816 659 epis-

631 669 931 736 tolarum
969 684 1210 737 contra
1240 667 1602 758 Magdebu
1617 690 1891 758 rgenses
1920 668 2250 759 singulari
2281 690 2486 756 opere
2516 692 2813 764 propug-

632 771 929 840 nandam
978 773 1415 863 suscepisset,
1465 769 1750 839 efficere
1801 788 2066 857 tamen,
2120 793 2527 862 quamquam
2591 774 2815 843 vehe-

630 892 897 943 menter
937 880 1268 949 connixus
1305 892 1515 961 esset,
1558 876 1831 942 minime
1874 878 2148 964 potuit,
2189 898 2328 964 quo
2384 877 2605 943 minus
2659 880 2817 968 ple-2·

630 981 826 1070 rique
866 1001 1098 1049 omnes
1126 979 1394 1070 Syricio
1429 980 1852 1068 antiquiores
1894 978 2215 1067 epistolas
2256 979 2340 1045 ab
2369 978 2619 1049 Isidoro
2659 982 2811 1050 edi-

633 1097 736 1150 tas
800 1101 921 1152 aut
985 1084 1261 1152 omnino
1314 1082 1706 1171 rejicerent,
1759 1099 1877 1150 aut
1944 1082 2225 1150 dubiam
2277 1082 2514 1149 saltem
2567 1106 2818 1154 earum·

628 1204 1150 1277 suspectamque
1188 1208 1328 1255 esse
1372 1187 1710 1274 originem
1752 1200 1984 1273 aperte
2013 1185 2531 1253 confiterentur.
2563 1185 2658 1253 Ut
2685 1188 2817 1256 Bo·

630 1291 782 1378 vii,
860 1290 1219 1376 Salmasii,
1296 1289 1576 1377 Userii,
1650 1288 1903 1355 Didaci
1972 1286 2471 1374 Covarruhias,
2547 1288 2802 1358 Chris-

632 1394 810 1459 tiam·
850 1393 1059 1482 Lupi,
1099 1410 1168 1461 et
1208 1393 1498 1461 aliorum
1547 1394 1935 1459 testimonia
1985 1392 2276 1480 sileam3
2326 1413 2478 1480 quae
2525 1387 2568 1459 a
2621 1393 2811 1462 Lab-

631 1495 747 1562 beo
812 1501 1094 1587 egregie
1159 1514 1365 1586 atque
1430 1497 1739 1584 apposite
1806 1496 2056 1582 scripta
2110 1512 2317 1581 sunt,
2369 1517 2505 1562 non
2561 1501 2803 1585 putavi

630 1601 1041 1668 omittenda.
1106 1600 1371 1667 Mirum
1435 1614 1578 1683 est,
1644 1600 1870 1686 inquit
1934 1598 2106 1683 ille,
2173 1598 2348 1664 viris
2413 1598 2813 1669 doctissimis

630 1702 696 1768 T
701 1706 1014 1787 urriano,
1081 1703 1321 1787 Bini0,
1386 1720 1456 1770 et
1516 1701 1898 1790 quibusdam
1960 1700 2120 1767 aliis
2184 1702 2251 1766 in
2317 1717 2513 1768 tanta
2578 1705 2812 1771 erudi-

635 1807 840 1872 tionis
916 1806 1417 1872 Ecclesiasticae
1492 1806 1632 1870 luce
1693 1804 1975 1892 probari
2040 1805 2341 1893 potuisse
2444 1795 2816 1876 decretales

631 1908 795 1975 illas
836 1910 1191 1997 epistolas,
1230 1907 1269 1974 ὰ
1307 1929 1694 1996 quocumque
1733 1931 1841 1974 seu
1882 1908 2271 1975 Mercatore
2331 1929 2440 1973 seu
2482 1908 2820 1978 Peccato-

632 2030 712 2078 re
740 2007 1179 2101 fabricatas,
1220 2030 1286 2079 et
1327 2014 1622 2100 antiquis
1675 2009 1984 2078 Romame
2036 2010 2217 2077 urbis
2270 2009 2621 2100 Episcopis
2676 2016 2822 2080 cir-

638 2116 812 2182 citer
878 2139 1107 2183 annum
1170 2115 1556 2184 christiam
1617 2113 1880 2204 epochae
1954 2114 2568 2204 octingentesimum
2657 2136 2821 2206 sup-

621 2219 914 2309 positas.
965 2221 1159 2288 Adeo
1214 2222 1380 2287 enim
1423 2218 1922 2311 perspicacibus
1976 2218 2150 2285 viris
2203 2215 2522 2301 deformes
2576 2218 2820 2285 viden-

640 2338 752 2390 tur
812 2323 935 2392 hoc
996 2328 1233 2391 saltem
1299 2342 1624 2412 tempore,
1682 2339 1757 2390 ut
1811 2323 1994 2390 nulla
2047 2337 2236 2410 arte,
2284 2324 2465 2388 nulla
2527 2345 2818 2413 cerussa,

640 2439 763 2490 aut
849 2427 1244 2513 purpurisso
1308 2419 1545 2505 fucari
1570 2447 1589 2455 ’“
1635 2425 1928 2510 possint.
2018 2423 2160 2487 Eas
2215 2419 2504 2507 omnes,
2583 2428 2821 2495 saltem

625 2526 984 2615 plerasque
1046 2549 1264 2592 earum
1329 2525 1765 2614 repudiarunt
1831 2524 2273 2590 eruditissimi
2327 2528 2563 2613 quique
2627 2544 2821 2596 trac-

647 2644 910 2698 ratores
980 2629 1339 2716 catholici,
1410 2630 1780 2712 Batonius,
1859 2626 2361 2715 Bellarminus,
2439 2628 2831 2722 Petronius,

644 2729 973 2802 Cointius
1001 2783 1025 2822 ,
1064 2733 1408 2800 Antonius
1448 2733 1918 2822 AugustinUS,
1981 2728 2279 2798 Lorinus
2309 2780 2330 2817 ,
2403 2730 2826 2824 Sirmondus,

641 2834 1016 2922 PetaviuS,
1080 2834 1376 2902 Ducaeus
1407 2885 1428 2921 ,
1478 2836 1758 2917 Marca,
1808 2834 2235 2921 BosquetUS,
2300 2851 2375 2901 ut
2428 2837 2595 2901 alios
2645 2841 2825 2906 modo

647 2940 795 3005 sive
859 2940 1267 3026 antiquiores
1316 2940 1458 3006 sive
1509 2938 1910 3005 recentiores
1970 2937 2238 3005 silentio
2293 2937 2658 3006 obvolvam.
2715 2941 2825 3006 Si·-

646 3041 837 3109 milia
902 3039 1049 3109 fere
1112 3041 1366 3111 habent
1431 3040 1635 3110 Card.
1694 3042 1915 3127 Bona,
1977 3038 2511 3130 Papebroclzius,
2573 3062 2644 3109 ¹et
2711 3045 2828 3110 alii

640 3167 815 3235 quos
853 3145 1093 3215 laudat
1133 3146 1507 3240 Sylburgus
1547 3146 1637 3215 ad
1677 3146 2094 3214 Heineccium
2161 3145 2280 3212 lib.
2338 3166 2406 3212 2.
2462 3148 2519 3227 §.
2581 3141 2700 3237 69.
2743 3165 2823 3236 p.

643 3272 731 3318 m.
775 3270 947 3341 902.
988 3273 1165 3342 seqq.

748 3353 1005 3424 Senot..
1113 3354 1373 3424 Primos
1426 3353 1638 3425 fuisse
1690 3351 2214 3424 Centuriatores
2253 3350 2819 3441 Magdeburgen-

641 3477 790 3544 seS,
829 3461 945 3547 qui
989 3457 1243 3526 bellum
1283 3458 1389 3525 his
1453 3459 1760 3548 epistolis
1814 3458 2233 3541 indixerint,
2285 3455 2549 3541 scripsit
2607 3477 2823 3541 nuper

650 3561 902 3629 iterum
939 3561 1157 3629 celeb.
1200 3561 1285 3628 de
1325 3560 1635 3649 Riegger
1677 3560 1746 3624 in
1786 3558 2002 3626 Elem.
2040 3556 2215 3654 Jur.
2255 3555 2511 3622 Eccles.
2555 3558 2612 3639 ξ.
2645 3553 2821 3642 456.

640 3664 711 3730 in
751 3682 891 3731 not.
935 3666 1148 3753 Atqui
1219 3662 1391 3731 hanc
1448 3662 1658 3733 hodie
1708 3663 1983 3730 laudem
2031 3663 2158 3728 sibi
2222 3682 2304 3727 ne
2358 3659 2819 3730 protestantes

634 3766 917 3853 quidem
955 3767 1088 3856 ipsi
1130 3766 1530 3860 vindicant,
1569 3782 1649 3837 ut
1688 3788 1774 3835 ex
1813 3764 2098 3836 laudato
2130 3763 2458 3856 Sylburgi
2488 3768 2641 3833 loco
2671 3786 2813 3834 ma·-

642 3864 969 3941 nifestum
1029 3886 1155 3940 est.
