3275 4784
1326 315 1667 372 capua·
1786 318 1845 371 r.
2484 311 2626 399 179

557 433 739 511 Con.
778 438 847 510 1..
945 437 1198 530 Neque
1238 452 1466 510 tamen
1505 439 1906 530 ademptam
1943 432 2077 508 hoc
2108 435 2395 510 decreto
2426 442 2652 512 erudi·

446 542 538 613 tis
576 544 745 619 viris
781 541 1170 612 libertatem
1207 563 1458 613 novam
1496 545 1712 613 etiam
1743 558 1976 612 textus
2010 543 2189 611 sacri
2229 544 2654 634 interpreta-

441 647 708 715 tionem·
743 644 1237 735 depromendi,
1276 647 1489 718 modo·
1525 643 1853 716 Ecclesiae
1886 644 2008 714 illa
2035 647 2313 734 sensui,
2340 643 2645 717 Patrum·

437 771 576 841 que
618 749 1058 819 universitati
1108 769 1191 817 ac
1227 751 1663 819 consensioni
1696 770 1839 820 non
1876 762 2269 843 repugnet,
2298 748 2470 818 scite
2510 749 2645 820 ob-

435 869 675 923 servat
704 849 985 922 Natalis
1032 850 1444 922 Alexander
1482 854 1617 923 cit.
1656 853 1802 923 loe.

543 950 735 1024 Con.=
770 954 868 1024 ΙΙ.
973 950 1239 1025 Contra
1285 977 1368 1025 ea
1404 956 1665 1026 nullius
1723 956 2054 1027 momenti
2100 970 2263 1025 sunt
2294 1002 2319 1045 ‚
2367 969 2442 1026 et
2478 951 2648 1026 huic·

437 1056 718 1127 P'atrum
764 1057 1052 1128 decreto
1079 1056 1398 1129 adversae
1425 1057 1855 1150 proindeque
1895 1057 2353 1149 repudiandae
2397 1077 2635 1129 omnes

432 1162 831 1257 diuinarum
869 1161 1259 1231 litterarum
1297 1163 1943 1255 interpretationes,
1982 1183 2138 1251 quae
2169 1162 2633 1231 consentienti

357 1307 361 1311 -
429 1261 718 1332 Parrum
754 1263 1115 1334 traditioni
1142 1280 1219 1334 et
1239 1265 1587 1335 constanti
1625 1281 1941 1335 veterum
1975 1279 2364 1363 temporum
2399 1263 2624 1333 obser·

433 1367 691 1435 vantiae
750 1367 1026 1435 minime
1088 1383 1485 1458 congruunt
1512 1391 1535 1435 ε
1605 1367 1917 1458 qualium
1979 1367 2634 1456 interpretationum

435 1468 746 1559 exempla
796 1468 999 1560 plura
1053 1465 1394 1557 fortasse,
1445 1490 1654 1561 quam
1716 1467 2094 1562 expediat,
2147 1467 2381 1536 schola
2432 1469 2634 1537 aluit.

435 1569 623 1640 Vide
653 1620 678 1658 ‚
717 1573 776 1639 si
825 1571 1081 1660 lubet,
1136 1570 1463 1641 Natalem
1529 1571 2019 1642 Alexandrum
2078 1570 2329 1640 Saecul.
2383 1569 2503 1639 XI.
2564 1585 2636 1639 et

443 1672 798 1760 XIL—diss.
843 1694 916 1743 α.
951 1689 1092 1744 art.
1143 1693 1263 1742 ιο.

533 1772 724 1846 Coit.
759 1777 889 1846 111.
996 1775 1098 1846 Ut
1133 1793 1365 1847 autem
1389 1779 1877 1869 interpretatio
1909 1772 1956 1848 a
1978 1777 2258 1848 Patrum
2297 1774 2632 1848 traditio-

430 1897 515 1948 ne
554 1880 777 1949 aliena
815 1882 1101 1950 omnino
1121 1880 1509 1972 abjicienda
1534 1894 1638 1950 e‘st
1658 1931 1682 1969 ,
1710 1883 1814 1950 ita
1843 1879 2020 1951 nihil
2045 1881 2139 1949 de
2159 1877 2481 1950 efficacia
2512 1900 2635 1949 ar-

433 1984 742 2072 gumenti
807 2005 895 2052 ex
949 2000 1266 2052 veterum
1316 1986 1524 2053 certis
1590 1985 2000 2052 testimoniis
2049 1982 2338 2052 deducti
2391 1999 2635 2073 putem

428 2083 746 2173 detrahi,
779 2086 905 2153 etsi
939 2105 1073 2154 non
1101 2084 1282 2152 desit
1298 2084 2328 2174 exercitatiodialecticisnugis
2353 2080 2623 2154 homini

431 2186 652 2255 inanis
712 2187 1022 2278 quaedam
1074 2185 1643 2254 distinctiuncula
1673 2235 1703 2274 ‚
1746 2206 1884 2275 qua
1950 2186 2095 2253 vim
2150 2183 2296 2273 ejus
2343 2200 2635 2255 conetur

429 2288 737 2358 eludere.
775 2286 1119 2376 Exemplo
1157 2288 1294 2354 sint
1336 2288 1470 2359 ista
1511 2286 1711 2356 Pauli
1752 2287 2110 2378 Apostoli:
2149 2284 2377 2360 ,Omnis-
2414 2286 2637 2357 anima

413 2382 883 2482 potestatibus
908 2384 1404 2458 sublimioribus
1433 2389 1703 2460 subdita
1745 2390 1843 2459 sit
1875 2411 1901 2457 t
1936 2409 2084 2480 quo
2117 2404 2463 2479 praecepto
2496 2387 2636 2459 cle·

426 2495 615 2564 ricos
665 2494 931 2584 pariter
975 2509 1044 2563 et
1102 2492 1310 2562 laicos
1362 2493 1454 2562 ad
1505 2491 1977 2563 exhibendum
2017 2490 2455 2582 Principibus
2489 2493 2632 2561 suis

382 2631 389 2635 ·
428 2594 1262 2688 obsequiunradstringi,
1294 2612 1608 2666 constans
1636 2613 1741 2667 est
1781 2612 2099 2667 veterum
2137 2595 2438 2663 omnium
2465 2594 2629 2665 doc·

432 2700 645 2769 trina·
683 2698 878 2781 Quid
919 2699 1011 2768 ad
1052 2697 1228 2768 hanc
1262 2686 1765 2771 Bellarminus'i
1803 2695 2118 2768 Clericos
2153 2699 2251 2765 ait
2280 2695 2630 2788 Pontifici,

433 2802 645 2873 laicos
677 2801 1035 2893 Regibus,
1064 2818 1287 2897 atque
1318 2804 1417 2883 ita
1456 2823 1731 2872 omnem
1767 2803 2062 2873 animam
2087 2799 2475 2870 sublimiori
2509 2819 2630 2891 po·

433 2905 668 2974 testati
709 2904 974 2996 subjici.
1014 2900 1287 2996 Nempe
1326 2904 1421 2974 ita
1450 2906 1761 2998 juniores
1799 2925 1927 2974 nos
1960 2904 2151 2973 docti
2179 2924 2446 2993 sumus,
2483 2924 2624 2994 qua.

426 3020 577 3074 arte
617 3005 897 3075 Patrum
949 3009 1392 3077 certissimam
1445 3008 1890 3077 traditionem
1921 3055 1943 3095 ,
2008 3007 2372 3076 leviculam
2426 3026 2627 3075 com·

424 3107 641 3213 menti
679 3107 1188 3181 distinctionem
1217 3157 1247 3200 ‚
1281 3111 1617 3201 possimus
1647 3110 1842 3181 nullo
1890 3108 2180 3199 negotio
2218 3107 2619 3201 explodere.

1288 3330 1353 3416 ς.
1470 3276 1759 3398 CXLII.

630 3474 639 3481 ι

722 3526 1272 3607 Secernendum
1317 3546 1548 3626 porro
1568 3527 1717 3630 jus
1754 3542 1978 3605 vetus
2015 3524 2071 3601 ἃ
2116 3547 2318 3602 novo·

582 3727 985 3821 Diligenter
1019 3752 1231 3823 porro
1257 3731 1367 3823 jus
1406 3747 1608 3801 vetus
1646 3725 1688 3800 'a
1729 3752 1913 3801 novo
1952 3725 2439 3801 secernendum
2481 3742 2611 3799 est.

426 3830 699 3921 Nempe
765 3835 923 3902 duae
973 3852 1131 3904 sunt
1191 3837 1547 3925 scripturae
1603 3834 1861 3903 divinae
1927 3851 2151 3927 partes
2190 3882 2212 3918 ‚
2277 3849 2470 3903 vetus
2533 3851 2614 3899 ae

422 3954 657 4000 novum
723 3930 1233 4006 Testamentum.
1299 3936 1801 4029 Praeceptorum
1831 3987 1855 4028 ‚
1918 3960 2069 4028 quae
2136 3934 2241 4004 his
2305 3930 2614 4027 partibus

425 4035 872 4121 continentur
900 4086 924 4129 ,
963 4060 1087 4119 nee
1112 4040 1326 4112 idem
1374 4058 1477 4112 est
1515 4061 1773 4137 genus,
1812 4060 1938 4110 nec
1974 4037 2220 4111 eadem
2256 4034 2468 4104 hodie
2509 4033 2615 4107 vis
