3275 4784
746 251 883 350 156
1472 272 2008 327 sssc‘rtot.

776 399 1011 465 Senon
1119 393 1522 486 Aliquando
1566 396 1844 464 uberius
1884 421 1963 465 ea
2016 399 2405 485 percensuit
2456 397 2881 472 Wedekind

674 503 801 572 cit.
833 501 996 568 diss.
1020 520 1186 591 pag.
1230 521 1408 587 424.
1445 517 1516 568 et
1560 501 1735 586 438.
1779 505 1846 568 in
1901 500 2267 570 Schmidtii
2336 497 2662 572 Thesaur.
2726 505 2875 594 jar.

677 606 943 674 Eccles.
1003 604 1462 671 Protestantes
1502 606 1898 693 cumprimis
1940 606 2063 673 diu
2103 627 2531 694 concoquere
2571 629 2705 675 non
2746 631 2878 698 po-

679 722 909 777 terant
951 708 1402 776 Reservatum
1444 705 2003 775 Ecclesiasticum
2043 708 2508 797 pacificationi
2576 713 2874 802 religio-

678 835 768 880 sae
809 814 1134 881 insertum
1165 813 1224 895 ᾗ.
1281 811 1396 878 18.
1440 811 1812 898 Negabant
1850 834 1917 878 se
1964 809 2124 878 huic
2153 812 2446 879 articulo
2475 833 2877 884 consensum

680 915 1086 1007 praebuisse,
1125 936 1347 1003 neque
1388 934 1542 980 cum
1579 915 1733 1003 jure
1776 911 1817 980 a
1856 914 2303 984 Ferdinando
2360 918 2607 984 ceteris
2667 918 2877 1006 adjici

684 1021 1033 1111 potuisse,
1071 1035 1148 1084 ut
1192 1021 1310 1107 qui
1354 1040 1487 1087 non
1523 1035 1877 1106 tamquam
1918 1020 2176 1085 arbiter
2214 1022 2728 1107 controversiae,
2749 1022 2876 1090 sed

689 1145 778 1190 ex
826 1121 1325 1211 paciscentibus
1368 1139 1540 1189 unus
1580 1117 1813 1188 fuisse.
1856 1121 2020 1190 Non
2064 1138 2261 1189 vacat
2292 1122 2433 1188 haec
2475 1123 2877 1192 Protestan-

687 1228 859 1294 tium
892 1241 1229 1295 momenta
1263 1226 1670 1314 diligentius
1689 1225 2103 1315 expendere.
2136 1225 2286 1295 Hoc
2318 1229 2881 1315 mone0‚aequio-

680 1350 788 1396 res
829 1350 915 1395 ex
960 1331 1120 1418 ipsis
1180 1331 1366 1396 viros
1394 1325 1584 1395 haud
1630 1330 1917 1398 multum
1961 1351 2045 1396 ex
2089 1327 2193 1395 his
2250 1329 2632 1396 rationibus
2681 1328 2881 1400 detu-

679 1430 860 1500 lisse.
926 1431 1100 1500 Vid.
1142 1430 1388 1502 Struve
1424 1431 1497 1498 in
1529 1432 1869 1521 corp.jur.
1907 1431 2089 1522 publ.
2129 1451 2272 1521 cap.
2319 1428 2388 1498 6.
2426 1435 2487 1516 ξ.
2536 1432 2654 1519 58.
2705 1433 2877 1501 Bot-

682 1552 806 1603 ner
837 1537 903 1601 in
921 1536 1384 1603 Illustratione
1412 1533 1818 1602 Germanicae
1851 1536 2169 1602 Nationis
2202 1534 2444 1602 Status
2471 1559 2495 1601 1
2516 1584 2533 1601 .
2561 1534 2696 1602 Th.
2704 1553 2874 1629 pag.

691 1633 814 1703 60.
855 1659 990 1727 seq.
1031 1634 1243 1707 Conf.
1288 1639 1453 1703 Ant.
1507 1636 1837 1705 Schmidt.
1880 1638 2047 1706 Inst.
2082 1637 2229 1727 jur.
2269 1637 2529 1707 Eccles.
2593 1654 2748 1706 tom.
2813 1663 2877 1709 1.

610 1776 619 1785 κ
667 1758 842 1835 pag..
882 1761 1048 1808 100.
1073 1755 1154 1818 ‚et
1185 1741 1265 1808 in
1305 1737 1668 1832 Thes.jur.
1711 1738 1980 1808 Eccles.
2012 1756 2167 1812 tom·
2222 1764 2286 1810 1.
2314 1759 2487 1836 pag.
2528 1761 2867 1835 492..seq.

1550 1944 1617 2027 S.
1726 1939 2011 2012 CXXH.

1201 2155 1499 2254 Capita
1523 2154 1761 2237 Pacis
1793 2154 2350 2254 westphalica.

837 2369 1037 2438 Pacis
1075 2365 1569 2454 Westphalicae
1608 2366 1797 2456 leges
1835 2388 2112 2435 causam
2145 2366 2534 2456 Religionis
2576 2386 2864 2435 concer-

675 2487 917 2539 nentes
957 2468 1378 2558 propemodo
1419 2487 1650 2534 omnes
1696 2467 1866 2533 Art.
1908 2470 1995 2533 V.
2035 2471 2468 2534 instrumenti
2501 2468 2867 2536 ‹Osnabru-

687 2572 912 2659 gensis
951 2567 1653 2658 comprehenduntur.
1683 2568 1761 2634 In
1803 2589 1885 2643 eo
1937 2592 1999 2635 1.
2041 2569 2374 2636 Liberum
2416 2569 2869 2638 Protestanti·

685 2674 814 2744 bus
857 2673 1210 2763 religionis
1274 2693 1410 2738 suae
1448 2672 1854 2738 exercitium
1908 2691 2303 2738 concessum
2354 2687 2478 2738 est.
2554 2693 2625 2739 2.
2682 2673 2871 2743 Bona

683 2776 1169 2846 Ecclesiastica
1205 2776 1285 2840 iis
1314 2774 1591 2861 relicta,
1619 2775 1738 2860 qui
1757 2795 1843 2839 -ea
1874 2774 2324 2861 possedisse-nt
2365 2774 2480 2840 die
2520 2797 2544 2840 1
2565 2822 2582 2840 .
2614 2775 2871 2853 Janua·

688 2881 776 2948 rii
810 2899 971 2945 ann.
1039 2871 1254 2961 1624.
1296 2875 1425 2963 ‘qui
1479 2873 1640 2942 inde
1709 2897 1910 2942 annus
1969 2877 2375 2943 *decretorius
2444 2876 2672 2948 dictus
2740 2896 2865 2948 est.

694 2988 765 3067 32
806 2981 1262 3048 Reservatum
1303 2975 1858 3046 Ecclesiasticum
1890 2978 1977 3046 ad
2019 2979 2480 3048 Protestantes
2508 3000 2861 3049 extensum

685 3108 760 3172 4.
793 3084 834 3162 J
843 3107 880 3152 u
894 3105 963 3150 ra
1003 3082 1355 3152 Pontificis
1380 3083 1650 3151 ratione
1678 3101 2122 3171 annatarum,
2150 3084 2339 3172 pallii
2359 3135 2384 3173 ,
2410 3085 2872 3152 confirmatio·

683 3208 884 3275 num,
925 3189 1259 3256 mensium
1328 3187 1676 3276 papalium
1743 3188 1811 3253 in
1878 3184 2091 3253 A.C.
2145 3189 2464 3275 capitulis
2517 3207 2861 3273 suspensa.

685 3316 758 3380 5.
797 3293 840 3371 J
847 3315 920 3359 us
964 3309 1326 3382 pati-oum,
1361 3291 1777 3358 visitationis
1844 3288 2382 3374 Ecclesiasticae,
2424 3301 2675 3355 cetera·
2703 3287 2863 3375 jux·-

679 3411 754 3464 τα
792 3417 1053 3463 annum·
1084 3393 1551 3462 decretorium
1592 3393 2096 3461 confirmatum,
2127 3386 2197 3457 6.
2236 3390 2537 3459 Subditis
2561 3389 2669 3477 jus
2698 3391 2870 3456 emi-

676 3499 925 3589 grandi
941 3499 1144 3565 certis
1160 3494 1487 3564 limitibus
1503 3497 2111 3585 circumscriptum,
2138 3512 2553 3560 concessum
2577 3513 2642 3578 7.
2660 3490 2860 3559 Prin-

685 3596 954 3689 cipibus
990 3600 1320 3667 tributum
1377 3597 1485 3688 jus
1526 3595 1946 3665 reformandi
2011 3596 2410 3664 exercitium
2469 3595 2865 3685 religioniS‚

672 3704 871 3792 quod
907 3702 1013 3790 jus
1051 3701 1140 3769 ad
1183 3702 1444 3768 nobiles
1484 3703 1690 3768 etiam
1732 3723 1811 3768 ac
1860 3701 2176 3768 civitates
2240 3695 2664 3763 immediatas
2734 3720 2863 3765 ex·-

674 3821 942 3874 tensum
973 3820 1098 3872 est.
1144 3803 1209 3871 8.
1239 3804 1283 3882 J
1289 3826 1364 3873 us
1404 3801 1861 3871 dioecesanum
1902 3818 1970 3869 et
2003 3799 2397 3890 jurisdictio
2428 3797 2858 3889 Episcopalis

672 3907 745 3978 iia
785 3910 980 3977 terris
1022 3907 1549 3975 Protestantium
1598 3926 1943 3992 suspensa.
1974 3922 2045 3994 9.
2084 3901 2433 3971 Modestia
2467 3904 2534 3969 in
2566 3905 2853 3970 concio-

659 4013 926 4108 nandO,
961 4010 1418 4107 disputando,
1479 4007 1882 4100 scribend0‚
1945 4023 2186 4079 contra
2257 4007 2734 4103 dissentientes
2773 4006 2844 4074 in
