3275 4784
708 264 847 322 100
1496 264 1877 321 SECTIO
1948 266 2002 320 1.

1422 491 1482 575 ς.
1582 470 2070 559 Lxxvrr.

1492 700 2000 778 Clenaentinae.

800 908 1104 983 nemum
1153 907 1584 983 Clementinae
1620 910 2055 1002 prodierunt.
2097 909 2355 981 Earum
2396 927 2639 981 auctor
2678 913 2843 983 Cle-

650 1030 830 1085 mens
857 1017 946 1084 V.
989 1031 1134 1106 est,
1172 1013 1498 1085 Pontifex
1538 1037 1624 1083 ex
1668 1015 1787 1081 illo
1816 1035 2129 1084 aevo-non
2172 1014 2556 1083 incelebris.
2596 1017 2850 1087 Virum

649 1114 868 1188 fuisse
913 1120 1082 1212 juris
1145 1119 1674 1188 calentissimum
1723 1117 1990 1184 Bulaeus
2045 1119 2337 1207 scribit,
2402 1120 2656 1208 quippe
2725 1122 2844 1210 qui

641 1219 785 1312 juri
828 1239 967 1290 tam
1005 1224 1198 1291 civili
1232 1273 1253 1310 ‚
1292 1244 1497 1313 quam
1548 1223 1882 1290 canonico
1923 1223 1990 1288 in
2034 1221 2341 1289 Parisina
2382 1238 2449 1288 et
2511 1222 2843 1291 Aurelia-

649 1327 846 1393 nensi
887 1323 1344 1393 celeberrimis
1376 1334 1518 1394 tum
1547 1324 1945 1392 Academiis
1984 1326 2231 1393 sedulo
2265 1325 2539 1416 juvenis
2568 1346 2847 1416 operam

671 1425 976 1496 dederit.
1013 1426 1561 1497 Constitutiones
1588 1428 1731 1517 ejus
1759 1449 1838 1495 ac
1867 1428 2242 1497 decretales
2280 1427 2631 1517 permultae
2667 1444 2853 1518 sunt,

668 1532 1013 1620 pleraeque
1056 1533 1124 1597 in
1167 1529 1488 1600 Concilio
1538 1530 1916 1599 Viennensi
1971 1533 2250 1621 perlatae
2278 1580 2300 1619 ,
2342 1553 2521 1621 quas.
2547 1531 2636 1600 ad
2691 1553 2847 1603 mo·-

654 1635 822 1701 dum
875 1632 1198 1725 Gregorii
1241 1635 1358 1702 IX.
1409 1636 1481 1702 in
1541 1632 1755 1702 libros
1793 1635 2101 1724 quinque
2136 1684 2162 1723 ‚
2222 1650 2581 1725 certosque
2636 1636 2706 1702 in
2749 1639 2845 1703 ti-

655 1736 839 1804 tulos
880 1737 1223 1825 digesta8‚
1265 1735 1427 1805 dum
1471 1737 1658 1826 apud
1697 1734 2273 1826 Carpentoratum
2316 1754 2746 1826 versaretur,
2774 1739 2845 1807 in

648 1839 934 1929 publico
959 1837 1433 1909 Cardinalium
1476 1838 1906 1909 Consistorio
1947 1840 2062 1908 die
2102 1865 2229 1908 ΧΠ.
2271 1843 2425 1908 Kal.
2474 1843 2642 1930 Apr.
2681 1864 2840 1910 ann.

664 1964 693 2008 1
718 1964 749 2028 3
773 1967 796 2008 1
822 1964 887 2028 3.
930 1944 1463 2034 promulgandas
1498 1946 1801 2011 curavit.
1842 1941 2049 2012 Vixit
2078 1945 2165 2012 ab
2196 1943 2355 2012 hinc
2383 1941 2699 2012 Clemens
2727 1967 2853 2013 an-

646 2063 751 2114 no
793 2043 940 2114 fere
980 2048 1253 2138 integro
1295 2049 1489 2118 varia
1537 2046 1965 2116 valetudine.
2007 2046 2242 2131 Quum
2284 2048 2436 2116 aliis
2476 2049 2560 2114 de
2603 2050 2850 2137 causis,

652 2162 805 2218 tum
845 2168 1062 2220 morte
1088 2200 1110 2242 ‚
1165 2174 1317 2243 quae
1358 2173 1519 2220 ann.
1569 2174 1595 2219 1
1621 2171 1790 2239 314.
1831 2172 1987 2219 eum
2029 2152 2318 2219 abstulit
2349 2200 2371 2241 ‚
2410 2151 2845 2241 impeditum,

656 2255 1135 2325 collectionem
1175 2277 1408 2346 suam,
1448 2272 1524 2324 ut
1566 2257 1952 2345 superiores
1981 2254 2345 2325 Pontifices
2385 2251 2729 2342 fecerant,
2754 2255 2847 2321 ad

661 2360 1017 2446 generalia
1067 2358 1300 2427 studia
1347 2381 1486 2428 non
1543 2362 1796 2426 misisse
1865 2355 2200 2428 traditum
2252 2377 2352 2426 est
2400 2353 2442 2424 a
2484 2359 2851 2447 plerisque.

657 2458 996 2527 Successit
1050 2475 1200 2547 post
1255 2460 1600 2525 biennium
1655 2457 1963 2552 Joannes
1998 2460 2212 2525 XXII.
2264 2461 2330 2525 Is
2385 2458 2849 2529 Clementinas

654 2558 891 2627 adhuc
925 2561 1115 2631 velut
1145 2561 1214 2627 in
1247 2562 1476 2628 medio
1505 2561 1814 2647 relictas,
1843 2561 2126 2627 solemni
2154 2560 2386 2627 edicto
2415 2561 2852 2633 confirmatas

656 2662 749 2731 ad
790 2664 1283 2732 Bononiensem
1328 2663 1772 2731 Academiam
1803 2662 2105 2751 aliasque
2135 2684 2293 2730 ann.
2333 2686 2358 2728 1
2383 2665 2853 2755 317.direxit‚

662 2783 936 2835 retento
977 2765 1562 2834 Clementinarum
1612 2766 1910 2832 nomine.
1948 2765 2126 2849 Quae
2154 2767 2473 2856 quoniam
2503 2784 2666 2857 ‘post
2698 2790 2853 2835 sex-

674 2883 820 2936 tum
885 2868 1332 2936 decretalium
1407 2869 1659 2937 librum
1719 2867 1926 2935 editae
1988 2886 2144 2936 sunt
2171 2919 2193 2958 ‚
2246 2869 2591 2939 interdum
2655 2870 2855 2939 Libri

654 2970 949 3059 Septimi
988 2972 1454 3041 Decretalium
1510 2973 1783 3040 nomine
1835 2974 2149 3041 veniunt.
2204 2973 2424 3042 Tituli
2476 2994 2599 3065 per
2636 2973 2848 3041 libros

655 3075 969 3165 quinque
1026 3077 1361 3166 dispersi,
1413 3092 1572 3145 sunt
1611 3077 2122 3167 quinquaginta
2157 3093 2226 3144 et
2265 3077 2435 3145 duo.

768 3178 1027 3249 Ser-1011.
1134 3178 1396 3249 Citatio
1434 3180 1679 3249 eadem
1718 3197 1856 3270 est,
1898 3201 2048 3270 quae
2088 3181 2160 3247 in
2210 3179 2552 3269 prioribus
2579 3227 2601 3268 ‚
2638 3178 2849 3247 addi-

661 3282 761 3349 tis¹
792 3283 861 3350 in
892 3280 1164 3353 duobus
1197 3285 1464 3354 voculis
1492 3285 1561 3351 in
1588 3284 1799 3353 Clem.
1831 3305 1940 3349 ex.
1974 3302 2078 3372 gr.
2107 3284 2317 3353 Clem.
2346 3306 2452 3350 zm.
2482 3283 2562 3349 de
2588 3301 2853 3352 renunt.

654 3385 778 3453 vel
820 3406 964 3477 cap.
1007 3410 1114 3456 un.
1143 3388 1225 3453 de
1261 3405 1521 3455 renunt.
1561 3387 1629 3453 in
1667 3387 1876 3454 Clem.
1919 3384 2032 3451 Ad
2081 3387 2638 3454 Aurelianensem
2671 3387 2853 3454 Aca-

645 3490 981 3576 demiam,
1018 3511 1220 3580 quam
1254 3512 1390 3581 prae
1431 3491 1676 3558 ceteris
1705 3485 1990 3555 fovebat
2027 3484 2385 3576 Clemens,
2426 3487 2667 3554 eodem
2710 3486 2846 3555 ad·-

653 3588 794 3657 huc
861 3594 1029 3660 vivo
1102 3594 1368 3659 missam
1433 3588 1646 3659 fuisse
1713 3588 2297 3658 Clementinarum
2368 3589 2849 3658 collectionem

646 3691 1031 3762 Bohmerus
1094 3695 1416 3784 probavit
1468 3697 1592 3763 cit.
1658 3693 1913 3767 observ.
1959 3695 2018 3781 §.
2066 3713 2179 3762 10.
2226 3709 2399 3786 pag.
2446 3712 2567 3762 20.
2628 3689 2838 3763 Conf.

649 3795 1060 3870 Heineccius
1100 3798 1227 3872 lib.
1283 3820 1352 3871 2.
1393 3801 1453 3886 §.
1497 3794 1621 3894 69.
1883 3801 1887 3809 '
