3275 4784
719 258 812 334 14
1506 236 1880 311 εΕεΤιὸ
1962 260 2019 311 n

659 379 879 451 dilexi
914 396 1067 469 vos,
1106 393 1181 449 ut
1223 394 1292 450 et
1350 401 1466 451 vos
1513 380 1838 473 diligatis
1886 382 2190 452 invicem.
2252 379 2325 449 In
2386 378 2511 452 hoe
2564 401 2844 479 cognos-

664 503 813 555 cent
851 507 1099 572 omnes.‚
1153 484 1308 574 quia
1350 485 1666 576 discipuli
1712 487 1838 553 mei
1892 487 2063 555 estis
2092 537 2113 575 ‚
2152 487 2215 554 si
2253 488 2672 559 dilectionem
2706 491 2842 562 Iza-

660 588 948 661 bueritis
983 589 1073 662 ad
1106 589 1412 660 invicem.
1442 585 1707 690 Joann.
1745 590 1923 658 XIII.
1974 611 2091 679 34.
2129 591 2286 660 XV.
2325 613 2441 663 12.
2489 615 2607 682 13.
2668 617 2786 684 17.

1568 812 1629 898 §·
1736 807 1943 882 v111.

1055 1003 1248 1080 Hinc
1307 1023 1449 1076 una
1495 1017 1617 1079 est
1685 1001 2052 1080 Ecclesia
2106 1001 2449 1082 Christi.

1292 1211 1591 1282 Primum
1658 1213 1924 1282 unitate
1984 1211 2218 1283 Fidei.

813 1419 1003 1496 Unio
1055 1417 1201 1495 haec
1253 1419 1564 1492 fidelium
1605 1423 1909 1492 omnium
1950 1443 2141 1491 unam
2179 1415 2407 1492 efficit
2456 1416 2839 1497 Ecclesiam

657 1523 972 1616 Christi,
1021 1551 1306 1619 eamque
1348 1548 1485 1595 non
1524 1528 1795 1596 interna
1836 1544 2100 1596 tantum
2141 1545 2211 1596 et
2254 1527 2594 1595 invisibili
2622 1579 2647 1618 ‚
2710 1553 2843 1600 ve-

657 1652 809 1700 rum
849 1646 1129 1700 externa
1189 1653 1464 1720 quoque
1502 1653 1583 1697 ac
1620 1631 1890 1699 visibili
1943 1634 2206 1699 unitate
2232 1681 2254 1718 .,
2305 1631 2724 1725 quam·fidei
2769 1649 2841 1704 et

653 1732 1016 1811 charitatis
1056 1735 1338 1805 vinculo
1389 1734 1699 1801 continet
1738 1724 1842 1830 (§.
1884 1725 2097 1831 VII.)
2137 1732 2341 1803 Unde
2396 1738 2708 1828 apposite
2759 1737 2839 1807 S.

656 1834 1054 1910 Ambrosius
1118 1836 1496 1906 Ecclesiam
1551 1836 1830 1905 dicebat
1883 1838 2513 1931 congregationem,
2564 1863 2706 1928 quae
2770 1841 2844 1909 in

655 1962 847 2009 unum
883 1963 1234 2011 connexum
1294 1946 1528 2032 corpus
1580 1957 1781 2033 atque
1822 1958 2219 2034 compactum
2263 1946 2526 2012 unitate
2554 1935 2719 2028 fidei
2769 1960 2842 2012 et

659 2041 1032 2116 charitatis
1073 2046 1386 2140 adsurgit
1431 2037 1548 2144 (§.
1584 2037 1725 2143 ΙΙ.)
1765 2044 1920 2116 Una
1961 2064 2191 2117 autem
2232 2046 2544 2116 Ecclesia
2582 2045 2844 2117 dicitur

657 2151 954 2219 maxime
991 2153 1081 2220 ob
1118 2152 1362 2240 fidem,
1413 2151 1793 2241 quaeapud
1834 2168 2066 2222 omnes
2101 2152 2346 2221 eadem
2386 2174 2528 2220 esse
2564 2153 2845 2220 omnino

660 2253 899 2335 debet.
929 2253 1045 2324 Ob
1078 2277 1226 2325 eam
1264 2252 1611 2344 Christus,
1648 2253 1813 2324 dum
1835 2257 1971 2348 jam
2009 2277 2221 2348 prope
2263 2255 2559 2342 abesset,
2594 2272 2676 2322 ut
2713 2270 2845 2322 tra·

660 2356 948 2427 deretur
987 2360 1315 2445 inimicis,
1350 2355 1734 2427 Ecclesiam
1772 2381 1962 2427 suam
1988 2357 2175 2428 Patri
2206 2360 2468 2429 coelesti
2509 2376 2845 2426 commen-

652 2458 832 2529 dans
859 2506 882 2547 ‚
935 2461 1229 2547 primum
1279 2458 1567 2545 quidem
1609 2480 1739 2548 pro
1785 2461 2146 2548 *Apostolis
2196 2465 2402 2550 suis,
2439 2450 2601 2530 tum*
2636 2461 2843 2528 etiam

654 2582 786 2655 pro
825 2561 1178 2651 omnibus,
1216 2561 1336 2652 qui
1373 2562 1446 2629 in
1483 2566 1569 2632 se‘
1592 2561 1760 2629 oiim
1797 2562 2134 2652 credituri
2188 2584 2394 2632 unam
2444 2565 2845 2632 consensio-

656 2689 750 2738 vne
790 2688 914 2739 sua
963 2664 1340 2736 Ecclesiam
1382 2660 1700 2735 effecturi
1754 2681 1914 2733 sunt
1941 2715 1963 2752 a
2016 2667 2348 2756 rogabat:
2390 2667 2545 2732 Non
2573 2687 2705 2756 pro
2743 2666 2846 2733 eis

651 2785 885 2843 autem
924 2790 1091 2857 rogo
1139 2783 1444 2852 tantum,
1495 2768 1615 2832 sed
1650 2781 1719 2832 et
1735 2785 1866 2853 pro
1928 2767 2026 2829 eis
2055 2814 2077 2850 9
2129 2766 2242 2851 qui
2295 2768 2627 2833 credituri
2692 2783 2850 2837 sunt

648 2891 779 2964 per
828 2866 1485 2936 verbum‘eorumin
1549 2885 1687 2954 me,
1749 2880 1827 2931 ut
1878 2884 2090 2931 omnes
2138 2884 2326 2933 unum
2387 2867 2527 2936 sint
2580 2859 2697 2965 (1)
2752 2868 2854 2938 Et

660 2971 1027 3044 Paulus-in
1064 2992 1146 3040 ea
1175 3018 1197 3057 ,
1249 2991 1405 3060 quae
1455 2984 1555 3037 est
1602 2967 1695 3037 ad
1736 2964 2116 3057 Ephesios,
2160 2971 2458 3058 'ep-istola
2518 2970 2657 3040 hoc
2707 2994 2849 3062 prae

658 3076 907 3147 ceteris
948 3074 1246 3143 inculcat
1286 3072 1618 3158 sollicite,
1658 3087 1739 3140 ut
1778 3093 2192 3140 occurramus
2256 3094 2472 3142 omnes
2508 3074 2579 3142 in
2621 3076 2845 3143 unita-

660 3197 796 3253 tem
833 3171 1001 3264 fidei
1042 3195 1111 3248 et
1177 3176 1548 3272 agnitionis
1587 3172 1772 3244 Filii
1828 3175 1966 3243 Dei
2003 3198 2101 3244 zzz:
2152 3192 2228 3244 ut
2257 3176 2405 3268 jam
2464 3198 2583 3245 non
2643 3178 2849 3245 simus·

652 3286 934 3380 parvuli
958 3278 1409 3370 fluctuantes,
1449 3295 1516 3349 et
1558 3276 2099 3366 circumferamur
2137 3283 2324 3350 omni¹
2346 3294 2543 3350 vento
2580 3280 2846 3348 doctri-

662 3414 762 3458 nae
803 3380 916 3484 (2)
947 3384 1057 3455 Ex
1096 3383 1224 3453 hac
1266 3407 1401 3453 una
1441 3385 1581 3453 fide
1616 3383 1944 3453 Ecclesiae
1983 3387 2316 3454 unitatem
2357 3385 2564 3452 etiam
2583 3382 2839 3452 ..Patres

664 3489 1111 3561 aestimabant.
1140 3485 1596 3555 Tertullianus
1625 3488 1806 3556 libro
1832 3487 1921 3554 de
1951 3485 2579 3579 praescriptionibus
2607 3505 2843 3553 omnes

668 3615 792 3687 per
832 3607 1052 3659 totum
1092 3590 1325 3659 orbem
1354 3589 1689 3682 dispersas
1716 3590 2034 3660 ecclesias
2060 3610 2264 3659 unam
2300 3587 2677 3680 appellavit
2707 3585 2845 3655 Ec-

667 3697 980 3786 clesiam,
1017 3713 1383 3788 propterea
1418 3694 1609 3788 quod
1649 3694 1892 3766 eadem
1930 3694 2070 3769 fide
2113 3715 2301 3770 unam
2327 3713 2539 3777 omnes
2553 3684 2843 3790 probent

788 3947 848 4032 1)
931 3949 1150 4028 Joann.
1188 3949 1403 4008 XVII.
1454 3969 1550 4012 20.

753 3952 852 4117 ξπ)
934 4027 1233 4111 Cap.,IV.
1293 4050 1384 4112 13.
1447 4050 1537 4108 14.
