3275 4784
653 261 747 316 12
1395 262 1820 317 SECTIO
1917 267 1976 317 1.

591 381 1065 456 Conciliorum
1106 381 1424 475 decreta,
1463 409 1578 454 seu
1622 388 1994 455 constituta
2035 384 2488 473 Pontificum,
2526 392 2771 459 curiae-

591 512 728 580 que
770 489 1095 559 Romanae
1134 491 1417 579 placita,
1446 511 1597 578 quae
1629 488 1759 556 hoc
1791 491 2138 559 volumine
2167 494 2555 561 recentiora
2584 514 2768 587 suut,

592 592 684 661 ad
724 592 1141 661 novissimum
1185 590 1543 661 referenda
1585 609 1854 683 putent.

696 693 951 763 Senot:-
995 768 997 771 ,
1058 694 1495 765 Ἧά..111υετ.
1533 696 1621 764 de
1665 695 1973 789 Riegger
2000 696 2069 767 in
2101 697 2325 767 Instit.
2353 693 2765 795 Jurisprud.

596 793 996 892 Ecqlesiast.
1024 817 1221 893 part.
1272 822 1335 868 1.
1375 802 1434 886 §.
1475 819 1653 888 432.

1554 1001 1615 1085 §-
1723 997 1809 1068 x.

591 1210 895 1313 Quibus
974 1198 1372 1318 temporum
1453 1212 1901 1288 intervallis
1994 1211 2764 1292 circumscribendum.

747 1421 1269 1513 Displicuerunt
1320 1420 1463 1492 haec
1503 1423 1768 1491 tametsi
1809 1420 2282 1512 vulgatissima
2319 1423 2489 1491 clar.
2530 1420 2765 1492 Raut-
2791 1452 2801 1463 2

591 1526 1048 1595 tenstrauclzio
1086 1517 1243 1622 (1)=
1287 1549 1444 1613 nec,
1487 1528 1614 1593 nisi
1656 1526 1862 1593 valde
1905 1522 2148 1612 fallor,
2188 1528 2330 1594 sine
2353 1527 2532 1615 justa
2564 1528 2766 1594 ratio-

585 1648 699 1696 ne.
739 1626 1136 1697 Gratianum
1178 1625 1405 1697 fateor
1447 1630 1769 1719 pleraque
1809 1630 2064 1696 veteris
2101 1628 2488 1719 disciplinae
2533 1631 2767 1717 capita-

588 1730 685 1797 sic
724 1733 885 1799 satis
922 1733 1293 1822 diligenter
1328 1732 1722 1820 collegisse:
1768 1726 1995 1800 fateor
2034 1749 2359 1821 praeterea
2399 1752 2608 1822 opera
2638 1728 2768 1803 hor

583 1833 785 1899 minis
828 1834 1017 1902 illius
1057 1856 1135 1902 ac
1178 1835 1424 1903 studiis
1465 1854 1698 1921 novae,
1734 1856 1883 1923 quae
1922 1833 2176 1902 deinde
2205 1835 2538 1922 invaluit,
2570 1833 2776 1900 disci·

588 1935 795 2023 plinae
856 1939 1143 2006 multum
1200 1938 1631 2007 auctoritatis
1682 1938 2072 2005 accessisse:
2139 1938 2476 2026 originem
2542 1952 2768 2003 tamen

584 2034 791 2127 hujus
830 2043 1286 2130 antiquiorem
1327 2038 1702 2128 Gratiam,
1742 2056 1810 2107 et
1846 2038 1979 2128 jam
2018 2039 2183 2107 inde
2223 2039 2310 2106 ab
2363 2040 2564 2105 initio
2601 2040 2764 2107 noni

583 2144 816 2210 saeculi
860 2144 1296 2234 repetendam
1340 2166 1480 2211 esse
1519 2142 1893 2210 contendo.
1935 2141 2175 2209 Isidori
2215 2144 2397 2208 enim
2434 2161 2768 2208 commen-

581 2257 655 2317 ta
691 2246 845 2334 quis
883 2249 1095 2315 nescit
1141 2245 1392 2318 hodie?
1435 2263 1570 2315 aut.
1594 2248 1747 2337 ‘quis
1782 2247 2102 2335 ignorat,
2139 2245 2437 2333 antiquis
2479 2242 2760 2310 Patrum

580 2345 954 2434 institutis,
995 2372 1144 2438 quae
1182 2353 1375 2418 annis
1416 2351 1706 2437 amplius
1747 2349 2164 2436 octingentis
2220 2348 2437 2414 omnis
2484 2347 2769 2413 sanctis-

583 2450 753 2515 sime
792 2469 1116 2517 venerata
1158 2467 1258 2516 est
1301 2449 1645 2534 Ecclesia,
1686 2450 1819 2513 alia
1854 2466 2061 2535 atque
2098 2451 2232 2514 alia
2270 2449 2489 2537 infligi
2521 2450 2768 2539 coepis-

587 2570 657 2616 se
697 2550 987 2618 vulnera
1027 2574 1113 2621 ex
1167 2573 1250 2619 eo
1302 2553 1722 2642 potissimum
1793 2565 2141 2637 tempore,
2195 2569 2334 2637 quo
2388 2550 2567 2618 fictae
2630 2552 2764 2618 illae

586 2651 965 2722 decretales
1004 2657 1223 2723 aetatis
1260 2654 1401 2744 ejus
1440 2674 1558 2721 seu
1611 2653 1880 2719 inscitia
1920 2672 2040 2718 seu
2091 2652 2369 2741 ignavia
2418 2670 2762 2744 tamquam

583 2758 903 2844 genuinae
940 2759 1421 2825 auctoritatem
1475 2758 1741 2846 adeptae
1791 2753 1993 2822 sunt?
2036 2754 2328 2845 Adeptae
2378 2777 2544 2824 vero
2602 2771 2780 2825 suntv

580 2857 848 2927 dudum
897 2868 1053 2928 ante
1094 2858 1531 2948 Gratianum,
1585 2862 1735 2948 ipso
1780 2857 2204 2926 celeberrimo
2247 2857 2596 2950 Rieggero
2652 2856 2767 2925 fa·

577 2974 805 3029 tente:
851 2960 1192 3051 Epistolas
1236 2963 1477 3031 Isidori
1534 2961 1930 3029 Decretales
1983 2959 2302 3029 Gratiani
2357 2960 2757 3050 temporibus

580 3067 893 3132 communi
928 3066 1146 3133 veluti
1182 3088 1298 3133 usu
1337 3082 1637 3155 receptas
1676 3067 1748 3132 in
1787 3066 2074 3133 maxima
2116 3065 2293 3155 apud
2340 3083 2554 3132 omnes
2581 3059 2767 3146 fuis-

577 3187 649 3234 se
687 3170 1096 3247 auctoritate
1133 3159 1269 3266 (2).
1309 3168 1545 3253 Quare
1584 3171 1640 3236 si
1681 3190 1820 3259 qua
1858 3185 1958 3235 est
1999 3170 2184 3236 omni
2226 3188 2311 3235 ex
2353 3187 2559 3234 causa
2597 3187 2758 3234 mu-

577 3283 737 3338 tatae
777 3272 1156 3363 disciplinae
1197 3272 1359 3340 novi
1401 3273 1591 3352 Juris
1629 3270 1907 3360 figenda
1950 3269 2254 3359 epocha,
2288 3268 2488 3358 hujus
2516 3270 2759 3360 procul

573 3370 792 3442 dubio
833 3376 1045 3445 initia'
1072 3378 1321 3444 rectius
1362 3375 1449 3442 ab
1486 3375 1730 3442 Isidori
1772 3395 1975 3462 quam
2016 3370 2340 3440 Gratiani
2394 3372 2762 3441 collectio·-

571 3494 658 3543 ne
701 3497 1105 3568 repetemus.
1150 3476 1463 3546 Defluxit
1505 3493 1733 3543 autem
1775 3497 1956 3542 nova
2001 3473 2143 3542 haec
2197 3475 2570 3563 disciplina
2613 3495 2751 3542 non

574 3578 756 3646 ultra
822 3582 1140 3650 saeculum
1206 3579 1905 3669 decimumquintum,
1956 3576 2081 3644 sub
2131 3576 2327 3665 cujus
2403 3578 2595 3643 initia
2664 3576 2754 3643 de

572 3683 1001 3752 restituendo
1041 3683 1327 3771 antiquo
1368 3683 1538 3762 Jure
1564 3733 1586 3770 ,
1625 3680 2088 3769 tollendisque
2129 3677 2451 3746 abusibus
2492 3678 2749 3768 agitari

568 3785 855 3855 consilia
894 3807 1031 3854 non
1067 3782 1440 3855 infeliciter
1477 3804 1703 3876 coepta
1742 3799 1925 3854 sunt.
1956 3782 2066 3850 Ex
2103 3781 2209 3849 his
2236 3778 2514 3850 demum
2539 3802 2760 3851 cona-

652 3932 712 4016 (ι
832 3938 906 3993 In
941 3935 1174 4016 Proleg.
1214 3935 1391 4011 Juris
1423 3936 1657 3994 EccleS.
1699 3935 1750 4009 §.
1785 3952 1862 3991 20

649 3931 751 4100 (ιζ
830 4017 991 4081 Diu.
1024 4021 1096 4082 de
1128 4017 1374 4080 Decret.
1411 4013 1684 4077 Gratian.
1719 4016 1773 4096 §.
1814 4016 1909 4075 82.
1932 4025 1997 4091 p.
2042 4013 2174 4075 186.
