3275 4784
666 245 805 322 174
1393 242 1787 296 sizc‘rro
1873 248 1984 299 11.

1296 398 1895 495 CAPUT
2070 403 2138 495 I.

894 633 1071 709 DE
1190 630 1332 706 SA
1369 630 1435 704 C
1474 632 1640 706 RA
1753 633 2492 711 SCRIPTURA

1182 806 1520 874 EJUSQUE
1612 806 2180 862 Auc‘rom‘rATE.

1383 1046 1444 1128 §.
1550 1041 1978 1115 CXXXVII.

667 1242 977 1318 Primus
1006 1241 1227 1341 juris
1266 1246 1479 1317 sacri
1506 1242 1691 1336 fons
1738 1259 1859 1320 est
1900 1242 2166 1318 Sacra
2206 1241 2667 1339 Scriptura.

584 1401 1041 1575 Dicturus
1080 1505 1168 1574 de
1210 1507 1562 1596 principiis
1601 1528 1813 1575 sacrae‘
1848 1505 2231 1596 discipliuae
2272 1505 2546 1577 initium
2583 1501 2770 1576 facio

576 1608 617 1676 a
674 1609 889 1677 Sacra
943 1609 1361 1698 Scriptura,
1408 1612 1665 1700 quippe
1716 1634 1867 1699 quae
1913 1612 2086 1699 juris
2141 1611 2357 1677 omnis
2408 1627 2478 1678 et
2533 1610 2774 1699 publi-

580 1714 680 1797 ci,
745 1729 815 1779 et
879 1713 1180 1801 privati,
1241 1714 1503 1801 primus·
1560 1730 1662 1779 est
1717 1736 1796 1781 ac
1853 1710 2007 1779 fons
2063 1715 2472 1802 praecipuus·
2522 1713 2772 1802 Neque

576 1818 758 1882 enim
809 1837 958 1903 quae
1001 1814 1146 1881 Deo
1202 1815 1462 1904 placuit
1518 1813 1820 1886 humano
1869 1817 2107 1907 generi
2164 1832 2503 1906 praecepta
2565 1815 2759 1904 dare,

576 1939 659 1985 ea
708 1918 903 1985 nobis
963 1914 1066 1985 fas
1117 1934 1222 1986 est
1273 1913 1310 1984 ὲ
1360 1939 1648 1987 numero·
1687 1922 1919 2011 legum
1960 1922 2282 1988 eximere.
2328 1920 2599 1988 Harum
2637 1941 2770 1988 au-

577 2037 717 2089 tem
771 2024 1004 2112 legum
1052 2042 1204 2110 pars
1259 2023 1552 2090 maxima
1601 2025 1860 2091 divinis
1917 2025 1986 2092 in
2043 2025 2290 2091 litteris
2343 2027 2767 2092 continetur:

573 2124 611 2192 ὲ
651 2125 880 2215 quibus
912 2128 1234 2216 proinde,
1274 2129 1529 2215 quoties
1571 2119 1845 2218 dejure
1885 2128 2218 2195 divinitus
2259 2127 2578 2195 instituto
2608 2148 2767 2194 con-

573 2232 910 2298 troversia
973 2230 1259 2318 incidit,
1307 2222 1757 2313 firmissimum
1811 2250 2005 2322 posse
2071 2246 2529 2322 argumentum
2608 2228 2760 2295 duci

571 2336 749 2422 apud
793 2357 1003 2403 omnes
1054 2336 1383 2403 revelatae
1426 2337 1780 2428 religionis
1820 2338 2112 2405 sinceros
2164 2335 2455 2404 cultores
2497 2333 2565 2401 in
2603 2353 2770 2403 con--

445 2499 452 2507 .
566 2432 754 2520 fesso
812 2455 938 2504 est.

675 2539 930 2605 Senot..
1041 2538 1217 2605 Aliis
1279 2553 1509 2605 autem
1578 2560 1718 2607 non
1770 2538 2155 2608 scribimus.
2209 2537 2379 2606 Sunt
2430 2535 2537 2606 hae
2595 2558 2770 2627 par·-

571 2659 673 2711 tes
701 2640 1227 2730 Theologorum
1256 2640 1815 2711 incredulitatem
1842 2643 2093 2709 erroris
2124 2642 2564 2709 convincere.
2593 2639 2768 2709 Vid.

575 2744 1098 2813 Torschmidius
1150 2743 1217 2809 in
1270 2746 1683 2831 exploranda
1730 2744 2007 2834 quadam
2061 2743 2271 2812 libere
2319 2744 2766 2837 cogitantium

580 2845 1049 2937 Bibliotheca,
1089 2867 1240 2913 ann.
1293 2841 1519 2933 1765.-

1359 3047 1425 3131 §-
1527 3041 1990 3118 cxxxvm.

1239 3243 1436 3342 ,Quae
1493 3242 1732 3320 libris
1792 3256 2123 3321 constat.

739 3469 997 3537 Evenit
1038 3485 1310 3556 tamen,-
1350 3489 1478 3535 nec·
1517 3466 1591 3534 id
1630 3466 1915 3557 quidem
1953 3461 2462 3552 infrequenter,
2500 3474 2579 3530 ut
2618 3463 2757 3529 mi-

578 3573 709 3638 rari
758 3575 966 3659 possis
1007 3574 1411 3639 inanitatem·
1448 3586 2052 3659 argumentorum,
2086 3589 2239 3656 quae
2302 3588 2388 3633 ex
2440 3565 2544 3632 his
2601 3566 2760 3653 ipsis

577 3675 822 3741 litteris
866 3675 1076 3762 petita
1120 3671 1470 3740 feruntur.
1508 3672 1785 3761 Nempe·
1822 3670 1954 3739 hoc
1993 3691 2079 3736 ex
2120 3689 2203 3734 eo
2244 3684 2382 3753 est,
2409 3666 2600 3757 quod
2627 3667 2754 3735 alii

575 3775 853 3866 quidem
895 3778 1181 3842 scientes
1223 3776 1729 3864 prudentesque
1754 3822 1779 3861 ,.
1815 3775 1931 3838 alii
1973 3771 2364 3861 ignorantia
2401 3793 2478 3837 ac
2510 3770 2758 3860 praeju-

583 3881 782 3947 diciis
826 3879 1095 3966 decepti
1137 3900 1218 3944 ea
1256 3880 1680 3966 contemptui
1720 3874 2009 3962 habent,
2049 3874 2191 3941 sine
2220 3874 2468 3961 quibus
2497 3895 2620 3941 nec
2649 3874 2766 3940 in-

583 3984 806 4074 telligi
858 3980 1039 4072 illae,
1095 4001 1216 4049 nec
1269 3984 1643 4049 auctoritas
1693 3998 1930 4047 earum
1966 3977 2292 4047 constitui
2338 3979 2466 4046 rite
2506 3989 2757 4069 potest.
