3275 4784
708 296 844 378 172
1447 297 1830 352 SECTIO
1943 301 1997 355 1.

1387 412 1512 518 (2)
1621 422 1785 505 QUO
1829 445 2117 492 REFERO

772 550 803 593 1
922 525 1171 604 Joann.
1213 520 1599 595 Cabassutii
1644 527 1987 595 Notitiam
2028 527 2576 598 Ecclesiasticam
2615 531 2849 605 histo·-

665 631 960 717 riaram,
1000 628 1543 697 Conciliorum....
1585 627 1809 720 Lugd.
1851 652 2000 698 ann.
2055 626 2270 721 1690.
2313 633 2504 702 alibi.
2593 622 2608 629 '¹

780 757 816 802 2
933 734 1182 812 Joann.
1240 733 1424 800 Lud.
1479 732 1689 800 Rueli
1759 752 1827 802 et
1882 733 2065 803 Lud.
2133 737 2495 803 Hartmani
2564 737 2873 811 Concilia

673 839 883 907 omnia
924 838 1320 904 illustrata:
1367 836 1672 903 Norimb.
1717 861 1864 903 ann.
1920 836 2136 925 1675.

794 963 828 1027 3
940 937 1203 1007 Christ.
1256 940 1439 1030 Lupi
1506 940 1907 1032 Synodoram
1951 944 2412 1033 generalium,
2465 962 2539 1013 et
2578 949 2871 1035 provin-

674 1046 945 1114 cialium
1005 1046 1313 1131 decreta,
1366 1061 1433 1111 et
1489 1066 1757 1111 canones
1809 1043 2132 1133 scholiis,
2181 1048 2397 1133 notis,
2447 1064 2518 1115 et
2575 1047 2871 1120 histori-

674 1172 751 1217 ca
819 1163 1110 1216 actorum
1179 1147 1659 1216 dissertatione
1711 1148 2101 1215 illustrati:
2151 1148 2360 1217 Lond.
2415 1173 2562 1217 ann.
2641 1149 2862 1242 1665.

672 1252 956 1319 Bruxel.
1012 1272 1160 1318 ann.
1222 1245 1440 1337 1673.
1494 1267 1652 1317 tom.
1713 1275 1780 1338 5.
1833 1250 2130 1319 Exstant
2184 1254 2390 1320 etiam
2440 1255 2616 1322 inter
2666 1274 2864 1345 opera

660 1354 950 1446 junctim
990 1356 1177 1422 edita
1220 1355 1464 1421 Ve-net.
1505 1370 1662 1421 tom.
1717 1378 1780 1420 1.
1822 1377 1999 1444 seqq.

775 1485 825 1546 4
934 1458 1118 1526 Lud.
1174 1456 1573 1526 Thomasini
1618 1458 2194 1525 Dissertationum
2248 1458 2316 1524 in
2365 1461 2680 1529 -Concilia
2725 1486 2863 1554 ge-

668 1563 929 1630 neralia
996 1579 1063 1628 et
1124 1563 1583 1649 particularia
1651 1578 1804 1627 tom.
1877 1584 2035 1627 unus
2104 1561 2335 1629 Paris.
2408 1588 2557 1631 ann.
2638 1561 2854 1654 1667.

666 1663 831 1732 Luc.
873 1686 1022 1730 ann.
1078 1665 1296 1749 1728.
1337 1680 1405 1731 et
1444 1666 1516 1730 in
1560 1663 1932 1731 Rocaberti
1974 1664 2158 1731 Bibl.
2200 1663 2476 1750 Pontis.
2527 1682 2681 1737 tom.
2736 1693 2854 1757 15.

663 1787 844 1859 pag.
897 1768 1063 1853 380.
1122 1787 1299 1855 seqq.

800 1894 833 1955 5
948 1872 1173 1960 Zeger
1240 1867 1677 1959 Van-Espen
1734 1868 2099 1939 Tractatus
2151 1869 2477 1940 historico
2530 1876 2874 1944 canonicus

660 1972 1006 2045 exhibens
1045 1972 1301 2042 scholia
1345 1974 1412 2040 in
1450 1995 1658 2041 omnes
1693 1973 2148 2043 Concilioram
2189 1991 2323 2041 tam
2354 1974 2657 2065 Graecos,
2686 2002 2875 2066 quam

591 2136 595 2141 ,
678 2078 1002 2167 Latinos,
1058 2094 1135 2145 et
1187 2072 1584 2160 famosior-es
1648 2100 1953 2146 canonum
2017 2077 2350 2168 Codices,
2412 2082 2533 2168 qui
2597 2079 2871 2149 Rotho-

678 2185 865 2277 magi
915 2202 1070 2251 ann.
1132 2203 1350 2270 1710.
1400 2181 1473 2248 in
1527 2207 1599 2269 4.
1657 2183 1950 2271 primum
1983 2231 2005 2270 ,
2054 2180 2309 2249 deinde
2360 2204 2534 2271 saepe
2580 2182 2868 2273 junctim

679 2309 835 2356 cum
872 2286 1158 2373 reliquis
1192 2286 1463 2375 scriptis
1503 2288 1789 2374 prodiit.
1930 2353 1937 2358 .

789 2385 833 2454 6
942 2388 1229 2475 Josephi
1270 2386 1588 2455 Catalani
1646 2389 2091 2457 Sacrosancta
2140 2389 2453 2458 Concilia
2492 2390 2874 2457 OEcumeni-

677 2512 753 2559 ea
785 2488 1274 2578 prolegomenis
1327 2504 1396 2555 et
1454 2491 1940 2558 commentariis
1995 2492 2388 2562 illustrata:
2440 2491 2667 2562 Romae
2716 2515 2868 2563 ann.
2957 2576 2959 2578 v

686 2585 909 2680 1736.
953 2614 1026 2679 4.
1068 2590 1309 2660 volum.
1354 2589 1423 2660 in
1450 2586 1590 2676 fol.

1511 2802 1577 2885 §-
1680 2796 2036 2870 cxxxv.

1570 3009 1997 3087 Conclusio.

840 3215 1010 3285 Haec
1050 3228 1247 3306 sunt,
1301 3234 1453 3306 quae
1508 3213 1595 3284 de
1649 3232 1894 3283 natura
1948 3214 2136 3293 Juris
2190 3213 2693 3303 Eccles'iastici,
2743 3214 2875 3286 de·-

686 3309 828 3412 que⁸
863 3323 1132 3411 origine
1174 3320 1399 3408 illius,
1437 3340 1844 3411 progr-essu,
1889 3320 2361 3406 i-ncrementiS,
2402 3341 2564 3404 usu,
2605 3337 2674 3385 et
2715 3343 2878 3386 auc-

686 3425 969 3492 toritate
1024 3426 1095 3490 in
1151 3424 1303 3512 ipso
1357 3422 1741 3513 disciplinae
1808 3423 2118 3511 ingressu
2184 3420 2614 3512 expedienda
2676 3421 2876 3489 duxi.

674 3525 1083 3592 Proximum
1123 3541 1267 3612 est,
1304 3541 1386 3594 ut
1427 3525 1513 3593 de
1556 3524 1934 3615 Principiis
1971 3523 2172 3615 hujus
2213 3523 2512 3590 soientiae
2572 3545 2650 3590 ac
2689 3525 2876 3591 Sub-

684 3627 882 3692 sidiis
936 3648 1312 3716 exponam,
1362 3629 1550 3717 quod
1603 3628 1895 3700 alterurn
1949 3623 2092 3696 fuit
2142 3645 2229 3695 ex
2277 3626 2650 3717 propositis
2705 3626 2871 3696 huic

686 3725 927 3800 libello
959 3730 1413 3822 argumentis·
