3275 4784
615 231 751 323 158
1401 244 1827 302 s1-:c‘r10
1926 252 1979 302 1.

545 373 818 441 dissert.
875 372 952 440 de
978 371 1171 463 justa
1236 393 1308 445 et
1373 370 1634 460 efficaci
1701 373 1926 441 summi
1979 363 2336 454 Pontificis
2391 390 2744 465 protesta-

545 480 726 543 tione
764 477 1083 546 adversus
1109 498 1341 569 pacem
1371 478 1680 573 religios.
1710 493 1774 544 et
1806 474 2192 566 Westplzal.
2225 492 2380 545 tom.
2416 500 2481 545 2.
2517 499 2734 570 opusc.

542 575 613 646 6.
658 580 963 649 Barthel.
993 601 1208 672 opusc.
1258 607 1319 651 1.
1350 585 1614 652 Histor.
1647 603 1881 672 gener.
1905 571 2165 670 pacific.
2201 576 2320 651 26.
2353 598 2414 647 et
2451 584 2723 657 dissert.

537 684 616 749 de
656 707 763 772 eo,
792 688 963 773 quod
972 685 1227 775 justum
1258 704 1367 755 est
1408 689 1598 765 circa,
1615 685 1998 752 libertatem
2033 685 2104 752 in
2133 685 2400 774 negotio
2430 687 2719 779 religio-

536 788 661 854 nis.
692 787 983 857 Struben
1030 792 1246 882 Horae,
1283 790 1737 877 Subcessivae,
1790 802 1984 879 part.
2033 808 2098 854 2.
2165 804 2373 855 tract.
2416 811 2489 877 7.
2558 791 2724 863 Ant.

508 889 890 959 -Schimidt.
933 896 1246 963 vindiciae
1273 913 1402 985 pro
1454 894 1788 963 sententia
1831 890 1913 961 L.
1959 889 2045 958 Β.
2101 889 2188 958 de
2255 890 2593 962 Ickstadt.
2648 897 2720 965 in

531 991 731 1061 lees.
762 994 906 1084 jur.
947 996 1203 1066 Eccles.
1236 1016 1390 1067 tom.
1443 1023 1502 1067 t.
1532 1017 1703 1090 pag.
1778 1019 1861 1084 51
1890 1019 1950 1063 1.
2008 993 2265 1063 StraUS.
2320 995 2390 1062 in
2445 997 2725 1071 dissert.

536 1097 617 1162 de
635 1117 1008 1188 possessore
1046 1101 1377 1170 catholico
1430 1125 1549 1170 non
1595 1101 1898 1192 obligato
1941 1097 2032 1166 ad
2053 1097 2213 1166 bona
2256 1100 2727 1173 saecularisata

516 1201 842 1289 pristinis
883 1203 1104 1271 usibus
1133 1201 1636 1273 E'cclesinsticis
1662 1202 2102 1271 restituenda.
2132 1199 2451 1291 Mogunt.
2496 1227 2521 1270 1
2540 1227 2715 1293 740.

529 1320 598 1369 et
640 1303 799 1371 huic·
835 1308 1139 1395 apposita
1182 1309 1537 1377 discussio:
1567 1332 1651 1376 an
1693 1308 1854 1374 bona
1897 1305 2386 1372 Ecclesiastico
2444 1325 2571 1396 per
2626 1309 2716 1380 P.

518 1403 633 1473 W.
665 1407 1212 1479 Protest'antilms
1239 1432 1419 1481 cessa
1448 1412 1729 1481 restitui
1769 1408 2046 1479 debeant
2112 1407 2479 1495 Ecclesiis,
2520 1429 2713 1500 post-

528 1532 717 1598 quam
755 1513 845 1579 ad
867 1536 1092 1580 manus
1144 1515 1516 1583 catholicas
1556 1512 1828 1599 fuerint
1895 1533 2189 1580 reversa.
2237 1510 2434 1578 Anno
2497 1516 2718 1601 1758.

526 1614 583 1679 S
588 1614 845 1681 ubsidia
874 1616 1395 1705 interpretandae
1423 1618 1770 1706 utriusque
1787 1616 1978 1705 pacis
2019 1616 2294 1703 exponit
2347 1615 2603 1685 Baniza
2643 1620 2714 1686 in

521 1716 826 1786 disssert.
857 1718 935 1784 de
962 1718 1274 1787 subsidiis
1304 1718 1892 1811 interpretationis
1936 1718 2332 1787 doctrinalis
2375 1721 2719 1809 utriusque

509 1820 706 1909 pacis
778 1820 1118 1910 religiosae
1171 1838 1238 1890 et
1302 1822 1812 1914 Westphalicae.
1871 1821 2086 1891 Extat
2164 1824 2234 1890 in
2298 1819 2502 1891 Thes.
2568 1825 2730 1916 jur..

531 1920 792 1992 Eccles.
872 1941 1028 1997 tom.
1106 1949 1170 1996 1.
1247 1945 1324 2019 p.
1397 1948 1575 2020 494.

1381 2148 1442 2237 §-
1547 2142 1874 2221 CXXIV.

1003 2396 1601 2473 Declarationes
1681 2397 2230 2471 Cardinalium.

669 2655 909 2743 Quum
948 2654 1264 2742 Synodus
1302 2656 1715 2727 Tridentina
1755 2655 2037 2724 sessione
2063 2654 2396 2746 vigesima
2436 2653 2706 2749 quinta,

518 2781 672 2849 quae
710 2778 810 2829 est
835 2811 858 2849 ,
897 2763 983 2828 de
1024 2760 1471 2829 observandis
1497 2783 1577 2830 ac
1614 2759 2035 2849 recipiendis
2054 2756 2354 2825 Concilii
2384 2760 2710 2851 decretis,

512 2865 568 2929 si
599 2859 734 2951 qua
763 2865 833 2929 in
861 2861 1254 2931 eorumdem
1288 2862 1679 2952 receptione
1708 2856 2089 2930 difficultas
2121 2879 2530 2953 emergeret,
2557 2887 2709 2932 eam

515 2965 605 3030 ad
633 2986 907 3032 summae
947 2966 1126 3032 sedis
1164 2966 1525 3034 arbitrium
1554 2961 1986 3035 referendam
2015 2961 2479 3055 declarasset,
2537 2967 2707 3035 Pius

510 3065 624 3131 IV
623 3116 641 3134 .
678 3067 748 3134 in
803 3067 1004 3136 Bulla
1038 3066 1576 3137 confirmationis
1618 3090 1889 3137 omnem
1927 3065 2197 3157 penitus
2249 3066 2548 3138 Concilii
2590 3072 2709 3137 in-

512 3174 1076 3260 terpretationem
1117 3167 1273 3239 aliis
1312 3175 1637 3261 vetitam,
1663 3174 1782 3243 uni
1821 3170 1951 3240 sibi
1990 3189 2409 3241 reservatam
2444 3172 2696 3239 voluit.

512 3273 620 3341 Ea
647 3297 848 3343 causa
890 3293 1028 3346 non
1082 3274 1178 3344 ita
1241 3276 1459 3346 multo
1501 3294 1658 3367 post
1722 3274 2338 3366 congregationem
2402 3274 2702 3341 instituit

508 3374 1022 3467 Cardinalium,
1061 3379 1311 3468 quibus
1343 3396 1604 3448 retenta
1641 3380 1770 3448 sibi
1810 3394 2160 3469 potestate
2200 3375 2701 3467 interpretandi

514 3501 819 3568 omnem,
858 3501 1010 3572 quae·
1044 3479 1136 3550 ad
1175 3485 1652 3551 executionem
1692 3501 1760 3552 et
1834 3481 2335 3551 observantiam
2396 3474 2696 3546 Concilii

521 3586 1058 3674 promovendam
1100 3587 1512 3675 pertineret,
1550 3606 1783 3654 curam
1809 3583 2340 3651 commendavit.
2384 3581 2478 3647 At
2519 3580 2699 3647 Six-

513 3705 621 3754 tus
651 3687 741 3753 V.
767 3708 903 3775 quo
931 3689 1321 3776 expeditior
1357 3706 1532 3758 esset
1559 3688 2119 3780 congregationis
2162 3686 2230 3749 in
2260 3685 2700 3773 exsequendo

512 3791 881 3857 auctoritas
900 3839 920 3876 ,
937 3790 1431 3879 interpretandi
1448 3811 1723 3882 quoque
1739 3813 1816 3858 ac
1849 3785 2247 3855 declarandi
2290 3782 2696 3856 facultatem

514 3892 824 3981 addidit,
865 3915 946 3960 ea
986 3910 1209 3961 tamen
1250 3894 1442 3985 lege,
1484 3912 1560 3963 ut
1600 3897 1675 3962 in
1730 3892 2027 3960 decretis
2095 3890 2476 3979 disciplinae
2536 3908 2702 3959 tan·-

516 4012 662 4066 tum
700 4013 1113 4089 versaretur,
1141 4019 1262 4067 nec
1306 3998 1690 4068 inconsulto
1717 3993 2054 4068 Pontifice
2102 3993 2257 4063 ullae
2296 3993 2705 4065 declaratio·
