3275 4784
691 278 829 334 102
1398 272 1857 328 .SECT10
1956 276 2012 328 1.

632 398 1104 474 stitutionibus
1142 398 1671 488 comparaverit.
1711 392 1846 465 Cui
1890 393 2129 465 formae
2172 396 2425 490 nequid
2467 420 2600 470 non
2644 419 2820 475 esset

634 507 941 597 apprime
976 508 1542 590 consentaneum,
1581 497 1654 598 J
1657 522 1889 569 oannes
1927 500 2182 569 Paulus
2223 502 2649 573 Larzcellotus
2689 509 2734 588 J
2740 532 2821 579 u-

629 609 1074 679 risconsultus
1113 606 1479 676 Perusinus
1532 603 1997 673 Tribonianum
2038 608 2478 676 aemulaturus
2533 609 2820 678 Institu-

631 714 846 782 tiones
871 709 1087 809 Juris
1117 708 1434 780 Canonici
1461 706 1801 778 laudabili
1831 711 2119 785 consilio
2148 712 2499 802 eleganter
2539 716 2815 782 concin-

626 817 863 903 navit3
906 815 1039 883 hoc
1082 810 1467 900 infelicior,
1507 810 1710 902 quod·
1739 832 1959 903 neque
1997 810 2039 881 ὲ
2079 812 2296 881 Paulo
2336 814 2463 880 IV.
2501 816 2618 905 qui
2659 838 2816 884 auc·

628 935 742 988 tor
779 919 880 988 illi
910 916 1335 1009 ,suscipiendi
1390 916 1644 985 laboris
1675 917 1949 985 exstitit
1975 966 1999 1006 ,
2052 938 2271 1006 neque
2313 913 2355 986 ὲ
2393 915 2525 985 Pio
2564 919 2655 987 V.
2696 921 2812 988 cui

632 1022 785 1091 illas
835 1021 1241 1110 dedicavit,
1294 1032 1374 1088 ut
1435 1018 1915 1090 auctoritatem
1968 1023 2065 1088 eis
2117 1041 2310 1090 suam
2374 1013 2862 1111 impertiren?

621 1141 776 1213 tur,
816 1126 1121 1217 potuerit
1159 1126 1549 1215 impetrare.
1604 1122 1854 1192 Edidit
1897 1123 2173 1191 tandem
2227 1139 2548 1214 pertaesus
2604 1145 2809 1195 morae

624 1250 783 1297 ann.
836 1225 1054 1316 1563.
1095 1228 1251 1296 Hoc
1287 1231 1514 1317 inest,
1562 1226 1756 1318 quod
1823 1228 2068 1297 merito
2118 1227 2402 1315 doleas,
2445 1229 2604 1297 vitii
2646 1231 2810 1319 pul-

625 1330 967 1401 cherrimo
1007 1331 1292 1402 libello:
1333 1332 1602 1425 antiqui
1634 1330 1808 1424 Juris
1848 1333 1922 1400 in
1972 1332 2099 1400 illo
2150 1333 2417 1402 nullum
2470 1352 2686 1424 prope
2724 1354 2810 1401 ne
2923 1412 2932 1417 ,

634 1437 1009 1530 vestigium
1050 1434 1354 1528 quidem.

1493 1635 1555 1721 §-
1660 1632 1938 1705 Lxxx.

1108 1847 1585 1923 Auctoritas
1631 1863 1712 1920 et
1760 1871 1937 1921 usus
1994 1846 2314 1924 decreti.

778 2052 1020 2125 Restat
1057 2072 1135 2126 ut
1173 2055 1260 2127 de
1302 2058 1715 2127 auctoritate
1741 2057 2051 2148 corporis
2074 2056 2245 2148 juris
2286 2058 2596 2128 canonici
2644 2077 2808 2127 usu-

618 2178 809 2250 que,
873 2182 1092 2252 pauca
1158 2159 1538 2252 subjiciam.
1591 2163 1688 2230 At
1735 2158 2058 2228 Gratiani
2111 2160 2393 2251 quidem
2444 2161 2802 2229 decretum

620 2260 957 2353 fuerunt,
1001 2265 1119 2355 qui
1157 2265 1244 2334 ab
1285 2262 1660 2335 Innocentio
1700 2261 1787 2333 P.
1828 2262 1913 2332 11.
1948 2264 2084 2356 jam
2135 2285 2313 2333 anno
2351 2265 2573 2334 saeculi
2618 2263 2804 2332 duo-

538 2446 541 2449 ,
613 2366 868 2436 decimi
910 2389 1104 2436 ‚nono
1155 2385 1224 2436 et
1276 2370 1618 2437 tricesimo
1649 2417 1672 2455 ,
1720 2368 1793 2436 in
1844 2364 2166 2437 Concilio
2216 2369 2521 2458 generali
2562 2367 2802 2436 Romae

612 2466 856 2536 habito
892 2468 1336 2536 vehementer
1385 2469 1703 2536 Patribus
1732 2517 1752 2556 ,
1807 2471 2005 2534 irrito
2059 2470 2221 2535 lieet
2274 2486 2572 2556 conatu,
2610 2490 2800 2538 com-

614 2569 1011 2640 mendarum
1051 2567 1260 2638 fuisse
1314 2569 1705 2638 adfirment.
1745 2565 2098 2659 Colligere
2139 2566 2273 2638 hoc
2313 2569 2440 2638 sibi
2481 2592 2672 2660 posse
2713 2593 2806 2639 ex

610 2671 938 2744 Orderico
976 2672 1049 2741 V
1047 2673 1210 2742 itali
1260 2673 1444 2742 visus
1493 2688 1595 2742 est
1647 2672 2079 2744 doctissimus
2131 2671 2476 2742 Seldenus.
2531 2671 2799 2743 Verum

615 2775 796 2847 hanc
838 2777 1301 2866 opinationem
1352 2772 1610 2843 refellit
1648 2773 2023 2868 Sylburgus
2064 2763 2215 2871 (ι),
2258 2791 2334 2844 ut
2374 2798 2457 2844 ea
2499 2777 2714 2866 repeti
2756 2773 2800 2844 a

616 2875 946 2947 Febronio
974 2876 1147 2946 nihil
1176 2873 1389 2946 fuerit
1418 2878 1869 2946 necesse.Alii
1901 2901 1985 2947 ex
2017 2878 2341 2948 mandato
2361 2877 2656 2970 Eugenii
2674 2878 2802 2945 HI.

619 2979 884 3049 editum
934 2980 1362 3050 contendunt
1390 3031 1414 3069 ,
1450 2997 1580 3050 aut
1630 2981 1880 3051 saltem.
1925 2981 2329 3073 Apostolica
2391 2982 2804 3052 auctoritate

619 3083 1099 3153 confirmatum
1139 3082 1181 3153 ὲ
1234 3083 1568 3177 Gregorio
1620 3082 1809 3152 XIII.
1864 3084 1992 3153 Sed
2049 3085 2328 3152 omnino
2390 3086 2623 3154 verius
2669 3097 2803 3170 est,

615 3206 790 3278 opus
829 3210 970 3256 esse
1011 3191 1382 3258 etiamnum
1413 3189 1665 3279 privati
1697 3185 2014 3257 hominis.
2044 3185 2342 3281 Eugenii
2368 3188 2547 3256 enim
2569 3235 2592 3276 ,
2617 3184 2809 3277 quod

614 3289 1000 3382 appellant,
1038 3291 1438 3361 mandatum
1476 3291 1597 3381 qui
1646 3289 2054 3382 produxerit
2083 3340 2106 3378 ,
2144 3310 2346 3360 nemo
2400 3288 2632 3358 adhuc
2676 3309 2806 3357 nec

612 3409 927 3464 veterum
966 3390 1143 3483 fuit,
1181 3415 1306 3462 nec
1346 3394 1724 3463 recentium
1760 3396 2196 3486 scriptorum.
2235 3393 2416 3460 Nam
2469 3388 2812 3460 Kalenda-

615 3496 704 3563 rii
732 3495 1200 3583 Bononiensis,
1230 3519 1312 3564 ne
1343 3499 1492 3585 quis
1523 3496 1698 3567 hanc
1725 3513 2058 3587 opponat,
2087 3496 2410 3563 incertam
2430 3515 2570 3560 esse
2590 3490 2800 3560 fidem

612 3597 725 3688 ajo
750 3619 773 3666 ε
812 3588 920 3694 (§.
958 3589 1538 3696 LVIII.·Schol.)
1575 3598 1901 3691 Gregorii
1939 3617 2109 3669 vero
2150 3596 2625 3686 Apostolicum
2679 3615 2796 3662 re-

616 3703 945 3791 scriptum
984 3701 1075 3770 ad
1115 3700 1653 3771 emendatiorem
1687 3703 1832 3794 ejus
1868 3700 2281 3787 editionem,
2311 3718 2445 3766 non
2472 3701 2680 3765 etiam
2712 3695 2806 3765 ad

613 3801 1199 3877 confirmationem
1248 3807 1605 3897 pertinuit.
1643 3806 1909 3894 ‘Itaque
1957 3805 2159 3892 origo
2211 3800 2490 3891 quidem
2543 3799 2806 3869 decreti

620 3908 810 3982 nulla
845 3907 1217 3978 canonibus
1257 3911 1327 3978 in
1362 3931 1446 3979 eo
1483 3907 1843 3997 descriptis
1895 3908 2378 3977 auctoritatem
2442 3905 2800 3977 conciliat.

703 4025 800 4113 (1)
882 4030 993 4091 Aa
1032 4029 1309 4094 Heinecc.
1343 4031 1446 4092 lib.
1497 4049 1551 4090 α.
1594 4031 1649 4109 §.
1684 4028 1784 4090 62.
