<?xml version="1.0" encoding="UTF-8"?>
<!DOCTYPE html PUBLIC "-//W3C//DTD XHTML 1.0 Transitional//EN"
    "http://www.w3.org/TR/xhtml1/DTD/xhtml1-transitional.dtd">
<html xmlns="http://www.w3.org/1999/xhtml" xml:lang="en" lang="en">
 <head>
  <title>
</title>
<meta http-equiv="Content-Type" content="text/html;charset=utf-8" />
  <meta name='ocr-system' content='tesseract 3.04.00' />
  <meta name='ocr-capabilities' content='ocr_page ocr_carea ocr_par ocr_line ocrx_word'/>
</head>
<body>
  <div class='ocr_page' id='page_1' title='image "./praecognitajuri00unkngoog_0396.png"; bbox 0 0 3275 4784; ppageno 0'>
   <div class='ocr_carea' id='block_1_1' title="bbox 672 245 2076 325">
    <p class='ocr_par' dir='ltr' id='par_1_1' title="bbox 672 245 2076 325">
     <span class='ocr_line' id='line_1_1' title="bbox 672 245 2076 325; baseline -0.003 -1"><span class='ocrx_word' id='word_1_1' title='bbox 672 300 683 325; x_wconf 85' lang='lat'>-.</span> <span class='ocrx_word' id='word_1_2' title='bbox 770 245 869 321; x_wconf 78' lang='lat'>88</span> <span class='ocrx_word' id='word_1_3' title='bbox 1545 264 1923 319; x_wconf 75' lang='lat' dir='ltr'><strong>SECTIO</strong></span> <span class='ocrx_word' id='word_1_4' title='bbox 2021 269 2076 321; x_wconf 88' lang='lat'><strong>1.</strong></span> 
     </span>
    </p>
   </div>
   <div class='ocr_carea' id='block_1_2' title="bbox 1607 453 1980 540">
    <p class='ocr_par' dir='ltr' id='par_1_2' title="bbox 1607 453 1980 540">
     <span class='ocr_line' id='line_1_2' title="bbox 1607 453 1980 540; baseline 0.005 -18"><span class='ocrx_word' id='word_1_5' title='bbox 1607 457 1669 540; x_wconf 66' lang='grc' dir='ltr'><strong>ς.</strong></span> <span class='ocrx_word' id='word_1_6' title='bbox 1750 453 1980 525; x_wconf 90' lang='lat' dir='ltr'><strong>LVII.</strong></span> 
     </span>
    </p>
   </div>
   <div class='ocr_carea' id='block_1_3' title="bbox 1021 695 2584 795">
    <p class='ocr_par' dir='ltr' id='par_1_3' title="bbox 878 688 2584 795">
     <span class='ocr_line' id='line_1_3' title="bbox 1021 695 2584 795; baseline 0.004 -19.497"><span class='ocrx_word' id='word_1_7' title='bbox 1021 699 1219 775; x_wconf 84' lang='lat' dir='ltr'>Eam</span> <span class='ocrx_word' id='word_1_8' title='bbox 1280 695 1680 772; x_wconf 69' lang='lat' dir='ltr'>Ecclesiae·</span> <span class='ocrx_word' id='word_1_9' title='bbox 1716 710 2127 794; x_wconf 80' lang='lat' dir='ltr'><em>competere</em></span> <span class='ocrx_word' id='word_1_10' title='bbox 2156 697 2584 795; x_wconf 58' lang='lat' dir='ltr'>probator:</span> 
     </span>
    </p>
   </div>
   <div class='ocr_carea' id='block_1_4' title="bbox 663 918 2890 2684">
    <p class='ocr_par' dir='ltr' id='par_1_4' title="bbox 663 918 2890 2684">
     <span class='ocr_line' id='line_1_4' title="bbox 843 918 2870 1014; baseline 0 -21"><span class='ocrx_word' id='word_1_11' title='bbox 843 927 888 1006; x_wconf 83' lang='lat' dir='ltr'>J</span> <span class='ocrx_word' id='word_1_12' title='bbox 894 926 1030 993; x_wconf 88' lang='lat' dir='ltr'>uris</span> <span class='ocrx_word' id='word_1_13' title='bbox 1060 944 1229 994; x_wconf 88' lang='lat' dir='ltr'>vero</span> <span class='ocrx_word' id='word_1_14' title='bbox 1260 919 1537 989; x_wconf 86' lang='lat' dir='ltr'>dicendi</span> <span class='ocrx_word' id='word_1_15' title='bbox 1558 918 1852 994; x_wconf 84' lang='lat' dir='ltr'>facultas</span> <span class='ocrx_word' id='word_1_16' title='bbox 1878 941 2310 1014; x_wconf 87' lang='lat' dir='ltr'>competatne</span> <span class='ocrx_word' id='word_1_17' title='bbox 2328 922 2661 992; x_wconf 78' lang='lat' dir='ltr'>Ecclesiae</span> <span class='ocrx_word' id='word_1_18' title='bbox 2687 918 2870 994; x_wconf 88' lang='lat' dir='ltr'>chris-</span> 
     </span>
     <span class='ocr_line' id='line_1_5' title="bbox 698 1025 2874 1120; baseline -0.002 -18"><span class='ocrx_word' id='word_1_19' title='bbox 698 1034 954 1120; x_wconf 78' lang='lat' dir='ltr'>tianae,</span> <span class='ocrx_word' id='word_1_20' title='bbox 1005 1046 1073 1097; x_wconf 88' lang='lat' dir='ltr'>et</span> <span class='ocrx_word' id='word_1_21' title='bbox 1116 1048 1251 1118; x_wconf 88' lang='lat' dir='ltr'>quo</span> <span class='ocrx_word' id='word_1_22' title='bbox 1295 1025 1445 1115; x_wconf 83' lang='lat' dir='ltr'>jure</span> <span class='ocrx_word' id='word_1_23' title='bbox 1475 1045 1857 1118; x_wconf 78' lang='lat' dir='ltr'><strong>competat,</strong></span> <span class='ocrx_word' id='word_1_24' title='bbox 1899 1047 2018 1096; x_wconf 84' lang='lat' dir='ltr'>aut</span> <span class='ocrx_word' id='word_1_25' title='bbox 2056 1025 2352 1095; x_wconf 83' lang='lat' dir='ltr'>difficile</span> <span class='ocrx_word' id='word_1_26' title='bbox 2408 1029 2724 1119; x_wconf 86' lang='lat' dir='ltr'>conjectu</span> <span class='ocrx_word' id='word_1_27' title='bbox 2759 1046 2874 1100; x_wconf 88' lang='lat' dir='ltr'>est.</span> 
     </span>
     <span class='ocr_line' id='line_1_6' title="bbox 698 1130 2878 1225; baseline -0.002 -19"><span class='ocrx_word' id='word_1_28' title='bbox 698 1136 885 1206; x_wconf 90' lang='lat' dir='ltr'>Nam</span> <span class='ocrx_word' id='word_1_29' title='bbox 918 1154 1139 1225; x_wconf 85' lang='lat' dir='ltr'>quum</span> <span class='ocrx_word' id='word_1_30' title='bbox 1180 1130 1477 1198; x_wconf 89' lang='lat' dir='ltr'>naturali</span> <span class='ocrx_word' id='word_1_31' title='bbox 1530 1131 1826 1221; x_wconf 86' lang='lat' dir='ltr'>quadam</span> <span class='ocrx_word' id='word_1_32' title='bbox 1871 1135 2135 1201; x_wconf 87' lang='lat' dir='ltr'>ratione</span> <span class='ocrx_word' id='word_1_33' title='bbox 2178 1134 2502 1223; x_wconf 82' lang='lat' dir='ltr'>potestati</span> <span class='ocrx_word' id='word_1_34' title='bbox 2545 1133 2878 1219; x_wconf 59' lang='lat' dir='ltr'>ecclesias·</span> 
     </span>
     <span class='ocr_line' id='line_1_7' title="bbox 691 1224 2874 1332; baseline -0.001 -24"><span class='ocrx_word' id='word_1_35' title='bbox 691 1243 847 1309; x_wconf 83' lang='lat' dir='ltr'>ticae</span> <span class='ocrx_word' id='word_1_36' title='bbox 899 1240 1057 1306; x_wconf 82' lang='lat' dir='ltr'>in&#39;sit</span> <span class='ocrx_word' id='word_1_37' title='bbox 1115 1226 1181 1332; x_wconf 88' lang='lat'>(1</span> <span class='ocrx_word' id='word_1_38' title='bbox 1199 1226 1284 1330; x_wconf 71' lang='lat'>)7</span> <span class='ocrx_word' id='word_1_39' title='bbox 1329 1239 1678 1303; x_wconf 22' lang='lat' dir='ltr'>stremoxeri</span> <span class='ocrx_word' id='word_1_40' title='bbox 1749 1224 1865 1306; x_wconf 79' lang='lat' dir='ltr'>illa</span> <span class='ocrx_word' id='word_1_41' title='bbox 1929 1236 2014 1304; x_wconf 91' lang='lat' dir='ltr'>ab</span> <span class='ocrx_word' id='word_1_42' title='bbox 2081 1235 2419 1304; x_wconf 83' lang='lat' dir='ltr'><strong>Ecclesia</strong></span> <span class='ocrx_word' id='word_1_43' title='bbox 2462 1250 2638 1306; x_wconf 88' lang='lat' dir='ltr'>non</span> <span class='ocrx_word' id='word_1_44' title='bbox 2667 1240 2874 1327; x_wconf 85' lang='lat' dir='ltr'>magis</span> 
     </span>
     <span class='ocr_line' id='line_1_8' title="bbox 685 1331 2878 1436; baseline -0.003 -22"><span class='ocrx_word' id='word_1_45' title='bbox 685 1362 914 1436; x_wconf 91' lang='lat' dir='ltr'>potest</span> <span class='ocrx_word' id='word_1_46' title='bbox 942 1363 1143 1433; x_wconf 89' lang='lat' dir='ltr'>quam</span> <span class='ocrx_word' id='word_1_47' title='bbox 1174 1356 1471 1430; x_wconf 81' lang='lat' dir='ltr'>potestas</span> <span class='ocrx_word' id='word_1_48' title='bbox 1499 1332 1684 1430; x_wconf 73' lang='lat' dir='ltr'>ipsa,</span> <span class='ocrx_word' id='word_1_49' title='bbox 1714 1341 1801 1408; x_wconf 90' lang='lat' dir='ltr'>ad</span> <span class='ocrx_word' id='word_1_50' title='bbox 1843 1364 2045 1432; x_wconf 86' lang='lat' dir='ltr'>quam</span> <span class='ocrx_word' id='word_1_51' title='bbox 2076 1338 2400 1409; x_wconf 81' lang='lat' dir='ltr'>refertur.</span> <span class='ocrx_word' id='word_1_52' title='bbox 2430 1332 2533 1436; x_wconf 60' lang='grc' dir='ltr'>(ξ.</span> <span class='ocrx_word' id='word_1_53' title='bbox 2563 1331 2878 1436; x_wconf 86' lang='lat' dir='ltr'><strong>XXXII.)</strong></span> 
     </span>
     <span class='ocr_line' id='line_1_9' title="bbox 685 1436 2883 1542; baseline -0.001 -26"><span class='ocrx_word' id='word_1_54' title='bbox 685 1448 817 1516; x_wconf 85' lang='lat' dir='ltr'>Sed</span> <span class='ocrx_word' id='word_1_55' title='bbox 859 1470 981 1516; x_wconf 89' lang='lat' dir='ltr'>nec</span> <span class='ocrx_word' id='word_1_56' title='bbox 1029 1445 1163 1514; x_wconf 87' lang='lat' dir='ltr'>alia</span> <span class='ocrx_word' id='word_1_57' title='bbox 1216 1446 1361 1536; x_wconf 88' lang='lat' dir='ltr'>ejus</span> <span class='ocrx_word' id='word_1_58' title='bbox 1425 1443 1619 1533; x_wconf 82' lang='lat' dir='ltr'>origo</span> <span class='ocrx_word' id='word_1_59' title='bbox 1683 1467 1886 1535; x_wconf 89' lang='lat' dir='ltr'>quam</span> <span class='ocrx_word' id='word_1_60' title='bbox 1953 1444 2156 1538; x_wconf 86' lang='lat' dir='ltr'>hujus</span> <span class='ocrx_word' id='word_1_61' title='bbox 2208 1444 2546 1513; x_wconf 86' lang='lat' dir='ltr'>censenda</span> <span class='ocrx_word' id='word_1_62' title='bbox 2600 1463 2709 1513; x_wconf 90' lang='lat' dir='ltr'>est</span> <span class='ocrx_word' id='word_1_63' title='bbox 2770 1436 2883 1542; x_wconf 80' lang='lat'><strong>(&#39;&#39;.§</strong></span> 
     </span>
     <span class='ocr_line' id='line_1_10' title="bbox 677 1540 2890 1646; baseline -0.003 -24"><span class='ocrx_word' id='word_1_64' title='bbox 677 1551 1001 1622; x_wconf 88' lang='lat' dir='ltr'><strong>XXXIII.</strong></span> <span class='ocrx_word' id='word_1_65' title='bbox 1027 1540 1095 1646; x_wconf 78' lang='lat'>)‚</span> <span class='ocrx_word' id='word_1_66' title='bbox 1156 1548 1388 1615; x_wconf 81' lang='lat' dir='ltr'>divina</span> <span class='ocrx_word' id='word_1_67' title='bbox 1467 1546 1732 1618; x_wconf 86' lang='lat' dir='ltr'>scilicet</span> <span class='ocrx_word' id='word_1_68' title='bbox 1798 1545 1835 1615; x_wconf 80' lang='grc' dir='ltr'>ὲ</span> <span class='ocrx_word' id='word_1_69' title='bbox 1889 1550 2042 1640; x_wconf 83' lang='lat' dir='ltr'>jure</span> <span class='ocrx_word' id='word_1_70' title='bbox 2108 1548 2410 1617; x_wconf 85' lang='lat' dir='ltr'>clavium</span> <span class='ocrx_word' id='word_1_71' title='bbox 2485 1548 2890 1640; x_wconf 80' lang='lat' dir='ltr'>repetenda,</span> 
     </span>
     <span class='ocr_line' id='line_1_11' title="bbox 688 1651 2882 1747; baseline -0.002 -22"><span class='ocrx_word' id='word_1_72' title='bbox 688 1655 1210 1747; x_wconf 80' lang='lat' dir='ltr'>quas&#39;Ecclesiae</span> <span class='ocrx_word' id='word_1_73' title='bbox 1248 1674 1387 1718; x_wconf 84' lang='lat' dir='ltr'>suae</span> <span class='ocrx_word' id='word_1_74' title='bbox 1427 1652 1815 1739; x_wconf 86' lang='lat' dir='ltr'>impertitus</span> <span class='ocrx_word' id='word_1_75' title='bbox 1850 1670 1952 1720; x_wconf 90' lang='lat' dir='ltr'>est</span> <span class='ocrx_word' id='word_1_76' title='bbox 1993 1653 2273 1721; x_wconf 88' lang='lat' dir='ltr'>divinus</span> <span class='ocrx_word' id='word_1_77' title='bbox 2317 1651 2685 1722; x_wconf 78' lang='lat' dir='ltr'>fundator.</span> <span class='ocrx_word' id='word_1_78' title='bbox 2723 1656 2882 1722; x_wconf 89' lang='lat' dir='ltr'>Huc</span> 
     </span>
     <span class='ocr_line' id='line_1_12' title="bbox 670 1750 2884 1854; baseline -0.001 -27"><span class='ocrx_word' id='word_1_79' title='bbox 670 1758 1280 1847; x_wconf 76' lang='lat' dir='ltr'>·oni&#39;m›respexisse</span> <span class='ocrx_word' id='word_1_80' title='bbox 1324 1752 1684 1822; x_wconf 79' lang='lat' dir='ltr'>Christum</span> <span class='ocrx_word' id='word_1_81' title='bbox 1724 1758 2024 1835; x_wconf 74' lang='lat' dir='ltr'>arbitror</span> <span class='ocrx_word' id='word_1_82' title='bbox 2060 1757 2246 1847; x_wconf 89' lang='lat' dir='ltr'>apud</span> <span class='ocrx_word' id='word_1_83' title='bbox 2289 1757 2707 1826; x_wconf 76' lang='lat' dir='ltr'>Matthaeum</span> <span class='ocrx_word' id='word_1_84' title='bbox 2745 1750 2884 1854; x_wconf 73' lang='lat'><strong>(2),</strong></span> 
     </span>
     <span class='ocr_line' id='line_1_13' title="bbox 666 1854 2885 1954; baseline -0.001 -24"><span class='ocrx_word' id='word_1_85' title='bbox 666 1854 968 1954; x_wconf 76' lang='lat' dir='ltr'>‘quando</span> <span class='ocrx_word' id='word_1_86' title='bbox 1010 1857 1348 1927; x_wconf 79' lang='lat' dir='ltr'>-Ecclesiae</span> <span class='ocrx_word' id='word_1_87' title='bbox 1377 1857 1578 1947; x_wconf 82' lang='lat' dir='ltr'>jussit</span> <span class='ocrx_word' id='word_1_88' title='bbox 1627 1860 2022 1930; x_wconf 86' lang='lat' dir='ltr'>denuntiari</span> <span class='ocrx_word' id='word_1_89' title='bbox 2057 1859 2557 1952; x_wconf 67' lang='lat' dir='ltr'>refractarios,</span> <span class='ocrx_word' id='word_1_90' title='bbox 2587 1867 2885 1951; x_wconf 39' lang='lat' dir='ltr'>‘utzquos</span> 
     </span>
     <span class='ocr_line' id='line_1_14' title="bbox 663 1958 2874 2060; baseline -0 -25"><span class='ocrx_word' id='word_1_91' title='bbox 663 1969 955 2060; x_wconf 79' lang='lat' dir='ltr'>privatae</span> <span class='ocrx_word' id='word_1_92' title='bbox 982 1979 1052 2034; x_wconf 90' lang='lat' dir='ltr'>et</span> <span class='ocrx_word' id='word_1_93' title='bbox 1091 1960 1463 2031; x_wconf 73' lang='lat' dir='ltr'>familiares</span> <span class='ocrx_word' id='word_1_94' title='bbox 1504 1958 1794 2035; x_wconf 84' lang='lat' dir='ltr'>fratrum</span> <span class='ocrx_word' id='word_1_95' title='bbox 1833 1965 2347 2035; x_wconf 75' lang='lat' dir='ltr'>cohortationes</span> <span class='ocrx_word' id='word_1_96' title='bbox 2398 1970 2678 2042; x_wconf 80' lang='lat' dir='ltr'>minime</span> <span class='ocrx_word' id='word_1_97' title='bbox 2721 1966 2874 2034; x_wconf 89' lang='lat' dir='ltr'>flec-</span> 
     </span>
     <span class='ocr_line' id='line_1_15' title="bbox 674 2067 2880 2162; baseline -0.001 -21"><span class='ocrx_word' id='word_1_98' title='bbox 674 2090 898 2142; x_wconf 88' lang='lat' dir='ltr'>terent</span> <span class='ocrx_word' id='word_1_99' title='bbox 928 2123 950 2161; x_wconf 80' lang='lat'>,</span> <span class='ocrx_word' id='word_1_100' title='bbox 997 2069 1378 2140; x_wconf 80' lang='lat' dir='ltr'>auctoritas</span> <span class='ocrx_word' id='word_1_101' title='bbox 1427 2067 1613 2138; x_wconf 89' lang='lat' dir='ltr'>illius</span> <span class='ocrx_word' id='word_1_102' title='bbox 1655 2072 1743 2139; x_wconf 86' lang='lat' dir='ltr'>ad</span> <span class='ocrx_word' id='word_1_103' title='bbox 1797 2073 2133 2141; x_wconf 84' lang='lat' dir='ltr'>saniorem</span> <span class='ocrx_word' id='word_1_104' title='bbox 2186 2088 2502 2140; x_wconf 83' lang='lat' dir='ltr'>mentem</span> <span class='ocrx_word' id='word_1_105' title='bbox 2562 2070 2880 2162; x_wconf 83' lang='lat' dir='ltr'>compel-</span> 
     </span>
     <span class='ocr_line' id='line_1_16' title="bbox 677 2175 2878 2267; baseline -0.001 -21"><span class='ocrx_word' id='word_1_106' title='bbox 677 2178 852 2246; x_wconf 87' lang='lat' dir='ltr'>leret</span> <span class='ocrx_word' id='word_1_107' title='bbox 902 2192 1003 2245; x_wconf 89' lang='lat' dir='ltr'>et</span> <span class='ocrx_word' id='word_1_108' title='bbox 1022 2178 1207 2267; x_wconf 72' lang='lat' dir='ltr'>aequi</span> <span class='ocrx_word' id='word_1_109' title='bbox 1265 2175 1438 2266; x_wconf 88' lang='lat' dir='ltr'>juris</span> <span class='ocrx_word' id='word_1_110' title='bbox 1491 2176 2021 2246; x_wconf 87' lang='lat' dir='ltr'>observantiam.</span> <span class='ocrx_word' id='word_1_111' title='bbox 2076 2175 2169 2243; x_wconf 90' lang='lat' dir='ltr'>Et</span> <span class='ocrx_word' id='word_1_112' title='bbox 2221 2197 2441 2264; x_wconf 77' lang='lat' dir='ltr'>vero,</span> <span class='ocrx_word' id='word_1_113' title='bbox 2494 2178 2626 2242; x_wconf 89' lang='lat' dir='ltr'>nisi</span> <span class='ocrx_word' id='word_1_114' title='bbox 2704 2176 2878 2244; x_wconf 87' lang='lat' dir='ltr'>hanc</span> 
     </span>
     <span class='ocr_line' id='line_1_17' title="bbox 675 2277 2883 2377; baseline -0.001 -27"><span class='ocrx_word' id='word_1_115' title='bbox 675 2280 917 2351; x_wconf 90' lang='lat' dir='ltr'>demus</span> <span class='ocrx_word' id='word_1_116' title='bbox 984 2280 1372 2350; x_wconf 64' lang='lat' dir='ltr'>christianae</span> <span class='ocrx_word' id='word_1_117' title='bbox 1431 2283 1742 2350; x_wconf 87' lang='lat' dir='ltr'>societati</span> <span class='ocrx_word' id='word_1_118' title='bbox 1797 2277 2186 2350; x_wconf 86' lang='lat' dir='ltr'>tributam</span> <span class='ocrx_word' id='word_1_119' title='bbox 2166 2303 2206 2347; x_wconf 85' lang='lat' dir='ltr'>a</span> <span class='ocrx_word' id='word_1_120' title='bbox 2245 2279 2520 2347; x_wconf 83' lang='lat' dir='ltr'>Domino</span> <span class='ocrx_word' id='word_1_121' title='bbox 2558 2296 2883 2377; x_wconf 85' lang='lat' dir='ltr'>potesta-</span> 
     </span>
     <span class='ocr_line' id='line_1_18' title="bbox 680 2382 2884 2476; baseline 0 -22"><span class='ocrx_word' id='word_1_122' title='bbox 680 2401 893 2474; x_wconf 87' lang='lat' dir='ltr'>tem,</span> <span class='ocrx_word' id='word_1_123' title='bbox 920 2404 1076 2476; x_wconf 88' lang='lat' dir='ltr'>quo</span> <span class='ocrx_word' id='word_1_124' title='bbox 1122 2384 1285 2475; x_wconf 82' lang='lat' dir='ltr'>J‘ure</span> <span class='ocrx_word' id='word_1_125' title='bbox 1322 2384 1578 2451; x_wconf 84' lang='lat' dir='ltr'>Paulus</span> <span class='ocrx_word' id='word_1_126' title='bbox 1629 2389 1942 2455; x_wconf 89' lang='lat' dir='ltr'>oratione</span> <span class='ocrx_word' id='word_1_127' title='bbox 1995 2402 2138 2452; x_wconf 86' lang='lat' dir='ltr'>tam</span> <span class='ocrx_word' id='word_1_128' title='bbox 2192 2383 2439 2453; x_wconf 86' lang='lat' dir='ltr'>acerba</span> <span class='ocrx_word' id='word_1_129' title='bbox 2476 2382 2884 2455; x_wconf 66' lang='lat' dir='ltr'>Corinthios</span> 
     </span>
     <span class='ocr_line' id='line_1_19' title="bbox 670 2487 2881 2559; baseline 0.001 -2"><span class='ocrx_word' id='word_1_130' title='bbox 670 2512 793 2557; x_wconf 88' lang='lat' dir='ltr'>sua</span> <span class='ocrx_word' id='word_1_131' title='bbox 859 2492 930 2555; x_wconf 90' lang='lat' dir='ltr'>in</span> <span class='ocrx_word' id='word_1_132' title='bbox 994 2488 1472 2557; x_wconf 89' lang='lat' dir='ltr'>communione</span> <span class='ocrx_word' id='word_1_133' title='bbox 1541 2490 1915 2558; x_wconf 85' lang='lat' dir='ltr'>retinentes</span> <span class='ocrx_word' id='word_1_134' title='bbox 1977 2491 2444 2557; x_wconf 87' lang='lat' dir='ltr'>incestuosum</span> <span class='ocrx_word' id='word_1_135' title='bbox 2503 2487 2881 2559; x_wconf 79' lang='lat' dir='ltr'>hominem</span> 
     </span>
     <span class='ocr_line' id='line_1_20' title="bbox 670 2591 2876 2684; baseline 0.001 -23"><span class='ocrx_word' id='word_1_136' title='bbox 670 2593 1005 2684; x_wconf 80' lang='lat' dir='ltr'>neglectae</span> <span class='ocrx_word' id='word_1_137' title='bbox 1055 2591 1435 2682; x_wconf 77' lang='lat' dir='ltr'>disciplinae</span> <span class='ocrx_word' id='word_1_138' title='bbox 1490 2608 1641 2660; x_wconf 84' lang='lat' dir='ltr'>reos</span> <span class='ocrx_word' id='word_1_139' title='bbox 1694 2591 2086 2683; x_wconf 73' lang='lat' dir='ltr'>arguebat,</span> <span class='ocrx_word' id='word_1_140' title='bbox 2140 2615 2349 2682; x_wconf 90' lang='lat' dir='ltr'>seque</span> <span class='ocrx_word' id='word_1_141' title='bbox 2395 2592 2493 2659; x_wconf 80' lang='lat' dir='ltr'>&#39;de</span> <span class='ocrx_word' id='word_1_142' title='bbox 2535 2593 2704 2680; x_wconf 77' lang='lat' dir='ltr'>illo,</span> <span class='ocrx_word' id='word_1_143' title='bbox 2746 2596 2876 2663; x_wconf 89' lang='lat' dir='ltr'>etsi</span> 
     </span>
    </p>
   </div>
   <div class='ocr_carea' id='block_1_5' title="bbox 664 2696 2888 2983">
    <p class='ocr_par' dir='ltr' id='par_1_5' title="bbox 664 2696 2888 2983">
     <span class='ocr_line' id='line_1_21' title="bbox 667 2696 2883 2786; baseline -0 -20"><span class='ocrx_word' id='word_1_144' title='bbox 667 2697 1071 2784; x_wconf 81' lang='lat' dir='ltr'>absentem,</span> <span class='ocrx_word' id='word_1_145' title='bbox 1074 2698 1270 2786; x_wconf 85' lang='lat' dir='ltr'>jam</span> <span class='ocrx_word' id='word_1_146' title='bbox 1277 2696 1559 2763; x_wconf 88' lang='lat' dir='ltr'>tulissse</span> <span class='ocrx_word' id='word_1_147' title='bbox 1569 2697 1898 2784; x_wconf 84' lang='lat' dir='ltr'>judicium</span> <span class='ocrx_word' id='word_1_148' title='bbox 1948 2696 2209 2784; x_wconf 78' lang='lat' dir='ltr'>ajebat,</span> <span class='ocrx_word' id='word_1_149' title='bbox 2247 2712 2324 2760; x_wconf 83' lang='lat' dir='ltr'>ur</span> <span class='ocrx_word' id='word_1_150' title='bbox 2359 2698 2473 2781; x_wconf 84' lang='lat' dir='ltr'>qui</span> <span class='ocrx_word' id='word_1_151' title='bbox 2515 2697 2613 2762; x_wconf 88' lang='lat' dir='ltr'>sic</span> <span class='ocrx_word' id='word_1_152' title='bbox 2640 2716 2883 2784; x_wconf 78' lang='lat' dir='ltr'>opera·</span> 
     </span>
     <span class='ocr_line' id='line_1_22' title="bbox 668 2791 2884 2896; baseline -0.004 -28"><span class='ocrx_word' id='word_1_153' title='bbox 668 2818 780 2868; x_wconf 81' lang='lat' dir='ltr'>tus</span> <span class='ocrx_word' id='word_1_154' title='bbox 827 2816 1054 2880; x_wconf 78' lang='lat' dir='ltr'>esset,</span> <span class='ocrx_word' id='word_1_155' title='bbox 1066 2800 1505 2863; x_wconf 76' lang='lat' dir='ltr'>traderetur</span> <span class='ocrx_word' id='word_1_156' title='bbox 1570 2813 1825 2861; x_wconf 86' lang='lat' dir='ltr'>satanae</span> <span class='ocrx_word' id='word_1_157' title='bbox 1878 2798 1949 2858; x_wconf 81' lang='lat' dir='ltr'>in</span> <span class='ocrx_word' id='word_1_158' title='bbox 2004 2796 2360 2858; x_wconf 80' lang='lat' dir='ltr'>interitum</span> <span class='ocrx_word' id='word_1_159' title='bbox 2422 2797 2704 2860; x_wconf 80' lang='lat' dir='ltr'>carnis.</span> <span class='ocrx_word' id='word_1_160' title='bbox 2679 2797 2711 2841; x_wconf 80' lang='lat'><em>²</em></span> <span class='ocrx_word' id='word_1_161' title='bbox 2756 2791 2884 2896; x_wconf 81' lang='lat'>(3)</span> 
     </span>
     <span class='ocr_line' id='line_1_23' title="bbox 664 2892 2888 2983; baseline 0.001 -15"><span class='ocrx_word' id='word_1_162' title='bbox 664 2902 865 2969; x_wconf 84' lang='lat' dir='ltr'>Idem</span> <span class='ocrx_word' id='word_1_163' title='bbox 939 2898 1295 2983; x_wconf 73' lang='lat' dir='ltr'>Paulus,</span> <span class='ocrx_word' id='word_1_164' title='bbox 1316 2895 1517 2961; x_wconf 86' lang='lat' dir='ltr'>dum</span> <span class='ocrx_word' id='word_1_165' title='bbox 1536 2911 1836 2961; x_wconf 85' lang='lat' dir='ltr'>monet</span> <span class='ocrx_word' id='word_1_166' title='bbox 1857 2892 2323 2982; x_wconf 73' lang='lat' dir='ltr'>Timotheum,</span> <span class='ocrx_word' id='word_1_167' title='bbox 2360 2917 2476 2962; x_wconf 80' lang='lat' dir='ltr'>ne</span> <span class='ocrx_word' id='word_1_168' title='bbox 2530 2896 2888 2972; x_wconf 84' lang='lat' dir='ltr'>adversus</span> 
     </span>
    </p>
   </div>
   <div class='ocr_carea' id='block_1_6' title="bbox 663 2997 2979 3731">
    <p class='ocr_par' dir='ltr' id='par_1_6' title="bbox 663 2997 2979 3717">
     <span class='ocr_line' id='line_1_24' title="bbox 665 2997 2880 3088; baseline 0.002 -16"><span class='ocrx_word' id='word_1_169' title='bbox 665 3000 1152 3087; x_wconf 86' lang='lat' dir='ltr'>Presbyterum</span> <span class='ocrx_word' id='word_1_170' title='bbox 1227 3001 1737 3068; x_wconf 88' lang='lat' dir='ltr'>accusationem</span> <span class='ocrx_word' id='word_1_171' title='bbox 1817 2999 2160 3088; x_wconf 86' lang='lat' dir='ltr'>reciperet</span> <span class='ocrx_word' id='word_1_172' title='bbox 2197 3000 2340 3067; x_wconf 90' lang='lat' dir='ltr'>nisi</span> <span class='ocrx_word' id='word_1_173' title='bbox 2408 2997 2535 3068; x_wconf 88' lang='lat' dir='ltr'>sub</span> <span class='ocrx_word' id='word_1_174' title='bbox 2591 3000 2880 3076; x_wconf 86' lang='lat' dir='ltr'>duobus</span> 
     </span>
     <span class='ocr_line' id='line_1_25' title="bbox 664 3099 2877 3197; baseline 0.002 -21"><span class='ocrx_word' id='word_1_175' title='bbox 664 3106 1022 3197; x_wconf 87' lang='lat' dir='ltr'>tribusque</span> <span class='ocrx_word' id='word_1_176' title='bbox 1076 3102 1400 3191; x_wconf 81' lang='lat' dir='ltr'>testibus·‚</span> <span class='ocrx_word' id='word_1_177' title='bbox 1440 3101 1607 3170; x_wconf 89' lang='lat' dir='ltr'>dum</span> <span class='ocrx_word' id='word_1_178' title='bbox 1649 3099 1970 3171; x_wconf 90' lang='lat' dir='ltr'>hortatur</span> <span class='ocrx_word' id='word_1_179' title='bbox 2009 3100 2275 3191; x_wconf 80' lang='lat' dir='ltr'>Titum,</span> <span class='ocrx_word' id='word_1_180' title='bbox 2314 3120 2395 3171; x_wconf 92' lang='lat' dir='ltr'>ut</span> <span class='ocrx_word' id='word_1_181' title='bbox 2438 3127 2592 3194; x_wconf 85' lang='lat' dir='ltr'>quae</span> <span class='ocrx_word' id='word_1_182' title='bbox 2630 3107 2877 3181; x_wconf 84' lang='lat' dir='ltr'>deesse</span> 
     </span>
     <span class='ocr_line' id='line_1_26' title="bbox 668 3207 2863 3298; baseline 0.001 -19"><span class='ocrx_word' id='word_1_183' title='bbox 668 3213 740 3281; x_wconf 91' lang='lat' dir='ltr'>in</span> <span class='ocrx_word' id='word_1_184' title='bbox 808 3211 1122 3281; x_wconf 89' lang='lat' dir='ltr'>Ecclesia</span> <span class='ocrx_word' id='word_1_185' title='bbox 1164 3209 1291 3277; x_wconf 91' lang='lat' dir='ltr'>sibi</span> <span class='ocrx_word' id='word_1_186' title='bbox 1343 3208 1698 3276; x_wconf 88' lang='lat' dir='ltr'>commissa</span> <span class='ocrx_word' id='word_1_187' title='bbox 1731 3207 2079 3298; x_wconf 87' lang='lat' dir='ltr'>judicaret</span> <span class='ocrx_word' id='word_1_188' title='bbox 2107 3258 2129 3295; x_wconf 78' lang='lat'>‚</span> <span class='ocrx_word' id='word_1_189' title='bbox 2178 3230 2305 3298; x_wconf 91' lang='lat' dir='ltr'>pro</span> <span class='ocrx_word' id='word_1_190' title='bbox 2341 3208 2684 3277; x_wconf 86' lang='lat' dir='ltr'>arbitratu</span> <span class='ocrx_word' id='word_1_191' title='bbox 2727 3233 2863 3282; x_wconf 90' lang='lat' dir='ltr'>suo</span> 
     </span>
     <span class='ocr_line' id='line_1_27' title="bbox 663 3309 2873 3407; baseline -0.001 -21"><span class='ocrx_word' id='word_1_192' title='bbox 663 3319 1098 3407; x_wconf 80' lang='lat' dir='ltr'>corrigeret:</span> <span class='ocrx_word' id='word_1_193' title='bbox 1151 3336 1379 3381; x_wconf 89' lang='lat' dir='ltr'>nonne</span> <span class='ocrx_word' id='word_1_194' title='bbox 1446 3309 1622 3380; x_wconf 90' lang='lat' dir='ltr'>hanc</span> <span class='ocrx_word' id='word_1_195' title='bbox 1664 3329 2074 3401; x_wconf 89' lang='lat' dir='ltr'>potestatem</span> <span class='ocrx_word' id='word_1_196' title='bbox 2130 3311 2472 3382; x_wconf 85' lang='lat' dir='ltr'>divinitus</span> <span class='ocrx_word' id='word_1_197' title='bbox 2532 3312 2873 3387; x_wconf 84' lang='lat' dir='ltr'>tributam</span> 
     </span>
     <span class='ocr_line' id='line_1_28' title="bbox 664 3408 2871 3513; baseline -0.001 -24"><span class='ocrx_word' id='word_1_198' title='bbox 664 3420 1028 3510; x_wconf 85' lang='lat' dir='ltr'>Episcopis</span> <span class='ocrx_word' id='word_1_199' title='bbox 1094 3418 1341 3506; x_wconf 87' lang='lat' dir='ltr'>probat</span> <span class='ocrx_word' id='word_1_200' title='bbox 1401 3417 1881 3505; x_wconf 66' lang='lat' dir='ltr'>apertissime?</span> <span class='ocrx_word' id='word_1_201' title='bbox 1933 3408 2053 3513; x_wconf 70' lang='lat'><strong>(=§.</strong></span> <span class='ocrx_word' id='word_1_202' title='bbox 2118 3408 2408 3512; x_wconf 84' lang='lat' dir='ltr'><strong>XXII.)</strong></span> <span class='ocrx_word' id='word_1_203' title='bbox 2463 3412 2560 3484; x_wconf 86' lang='lat' dir='ltr'>Ut</span> <span class='ocrx_word' id='word_1_204' title='bbox 2597 3431 2871 3487; x_wconf 84' lang='lat' dir='ltr'>taceam</span> 
     </span>
     <span class='ocr_line' id='line_1_29' title="bbox 668 3517 2979 3610; baseline 0 -20"><span class='ocrx_word' id='word_1_205' title='bbox 668 3524 858 3591; x_wconf 87' lang='lat' dir='ltr'>litem</span> <span class='ocrx_word' id='word_1_206' title='bbox 915 3519 1388 3590; x_wconf 86' lang='lat' dir='ltr'>Antiochenos</span> <span class='ocrx_word' id='word_1_207' title='bbox 1426 3521 1605 3588; x_wconf 92' lang='lat' dir='ltr'>inter</span> <span class='ocrx_word' id='word_1_208' title='bbox 1662 3520 1914 3588; x_wconf 88' lang='lat' dir='ltr'>fideles</span> <span class='ocrx_word' id='word_1_209' title='bbox 1951 3538 2179 3589; x_wconf 86' lang='lat' dir='ltr'>natam</span> <span class='ocrx_word' id='word_1_210' title='bbox 2209 3571 2232 3610; x_wconf 82' lang='lat'>,</span> <span class='ocrx_word' id='word_1_211' title='bbox 2277 3540 2483 3610; x_wconf 88' lang='lat' dir='ltr'>quam</span> <span class='ocrx_word' id='word_1_212' title='bbox 2532 3517 2874 3608; x_wconf 74' lang='lat' dir='ltr'>Apostoli</span> <span class='ocrx_word' id='word_1_213' title='bbox 2974 3599 2979 3603; x_wconf 50' lang='grc'>,</span> 
     </span>
     <span class='ocr_line' id='line_1_30' title="bbox 672 3623 2871 3731; baseline 0 -38"><span class='ocrx_word' id='word_1_214' title='bbox 672 3626 802 3731; x_wconf 83' lang='lat' dir='ltr'>ipsi</span> <span class='ocrx_word' id='word_1_215' title='bbox 842 3628 1190 3716; x_wconf 85' lang='lat' dir='ltr'>cognitam</span> <span class='ocrx_word' id='word_1_216' title='bbox 1230 3624 1552 3712; x_wconf 80' lang='lat' dir='ltr'>synodali</span> <span class='ocrx_word' id='word_1_217' title='bbox 1594 3623 1999 3694; x_wconf 87' lang='lat' dir='ltr'>definitione</span> <span class='ocrx_word' id='word_1_218' title='bbox 2041 3623 2539 3712; x_wconf 86' lang='lat' dir='ltr'>Hierosolymis</span> <span class='ocrx_word' id='word_1_219' title='bbox 2576 3643 2871 3714; x_wconf 85' lang='lat' dir='ltr'>compo·-</span> 
     </span>
    </p>
   </div>
   <div class='ocr_carea' id='block_1_7' title="bbox 676 3720 1561 3828">
    <p class='ocr_par' dir='ltr' id='par_1_7' title="bbox 676 3720 1561 3828">
     <span class='ocr_line' id='line_1_31' title="bbox 676 3720 1561 3828; baseline -0.001 -29"><span class='ocrx_word' id='word_1_220' title='bbox 676 3748 984 3799; x_wconf 84' lang='lat' dir='ltr'>suerunt.</span> <span class='ocrx_word' id='word_1_221' title='bbox 1028 3722 1147 3828; x_wconf 86' lang='lat'><strong>(§.</strong></span> <span class='ocrx_word' id='word_1_222' title='bbox 1205 3720 1561 3815; x_wconf 84' lang='lat' dir='ltr'><strong>XLVII.)</strong></span> 
     </span>
    </p>
   </div>
   <div class='ocr_carea' id='block_1_8' title="bbox 686 3864 2324 4073">
    <p class='ocr_par' dir='ltr' id='par_1_8' title="bbox 686 3864 2324 4068">
     <span class='ocr_line' id='line_1_32' title="bbox 686 3864 2324 4010; baseline -0.002 -46"><span class='ocrx_word' id='word_1_223' title='bbox 686 3956 737 3981; x_wconf 57' lang='lat'>-„</span> <span class='ocrx_word' id='word_1_224' title='bbox 810 3902 922 3996; x_wconf 91' lang='lat'>1)</span> <span class='ocrx_word' id='word_1_225' title='bbox 966 3864 1261 3973; x_wconf 56' lang='lat' dir='ltr'>melmin.</span> <span class='ocrx_word' id='word_1_226' title='bbox 1300 3905 1585 3965; x_wconf 79' lang='lat' dir='ltr'>Exercit.</span> <span class='ocrx_word' id='word_1_227' title='bbox 1637 3920 1693 3971; x_wconf 64' lang='lat' dir='ltr'>a.</span> <span class='ocrx_word' id='word_1_228' title='bbox 1727 3916 1881 3962; x_wconf 84' lang='lat' dir='ltr'>sect.</span> <span class='ocrx_word' id='word_1_229' title='bbox 1925 3920 2015 3980; x_wconf 84' lang='lat'>14.</span> <span class='ocrx_word' id='word_1_230' title='bbox 2044 3905 2095 3983; x_wconf 85' lang='lat'><strong>§.</strong></span> <span class='ocrx_word' id='word_1_231' title='bbox 2122 3922 2267 4010; x_wconf 78' lang='grc'><strong>44.</strong></span> <span class='ocrx_word' id='word_1_232' title='bbox 2320 3883 2324 3887; x_wconf 39' lang='grc'><em>“</em></span> 
     </span>
     <span class='ocr_line' id='line_1_33' title="bbox 754 3903 2294 4073; baseline 0.001 -33"><span class='ocrx_word' id='word_1_233' title='bbox 754 3903 833 4068; x_wconf 57' lang='grc' dir='ltr'>ἕρ</span> <span class='ocrx_word' id='word_1_234' title='bbox 856 3974 922 4065; x_wconf 92' lang='lat'>)</span> <span class='ocrx_word' id='word_1_235' title='bbox 964 3984 1103 4058; x_wconf 78' lang='lat' dir='ltr'>Cap.</span> <span class='ocrx_word' id='word_1_236' title='bbox 1132 3979 1401 4040; x_wconf 79' lang='lat' dir='ltr'><strong>XVIII.</strong></span> <span class='ocrx_word' id='word_1_237' title='bbox 1472 3982 1831 4073; x_wconf 60' lang='lat'><strong>13.16.&#39;17</strong></span> <span class='ocrx_word' id='word_1_238' title='bbox 2283 3996 2294 4007; x_wconf 82' lang='lat'>‘</span> 
     </span>
    </p>
   </div>
   <div class='ocr_carea' id='block_1_9' title="bbox 756 4060 1662 4149">
    <p class='ocr_par' dir='ltr' id='par_1_9' title="bbox 756 4060 1662 4149">
     <span class='ocr_line' id='line_1_34' title="bbox 756 4060 1662 4149; baseline -0.001 -26"><span class='ocrx_word' id='word_1_239' title='bbox 756 4072 867 4149; x_wconf 81' lang='lat'>(3)</span> <span class='ocrx_word' id='word_1_240' title='bbox 947 4066 1000 4125; x_wconf 91' lang='grc' dir='ltr'><strong>Ι.</strong></span> <span class='ocrx_word' id='word_1_241' title='bbox 1037 4065 1301 4129; x_wconf 77' lang='lat' dir='ltr'>Corinth.</span> <span class='ocrx_word' id='word_1_242' title='bbox 1337 4060 1414 4124; x_wconf 88' lang='lat' dir='ltr'>V.</span> <span class='ocrx_word' id='word_1_243' title='bbox 1452 4084 1508 4142; x_wconf 83' lang='lat'><strong>3.</strong></span> <span class='ocrx_word' id='word_1_244' title='bbox 1554 4079 1662 4140; x_wconf 97' lang='grc'><strong>4.</strong></span> 
     </span>
    </p>
   </div>
  </div>
 </body>
</html>
