3275 4784
729 260 883 344 266
1456 275 1831 334 snc‘rxo
1880 278 2078 333 ··1·1.

1512 502 1574 588 §-
1618 435 1621 440 ⁴
1692 494 2081 570 ccxxw.

1129 714 1505 788 Historia
1563 710 1804 807 Juris
1863 710 2448 786 Ecclesiastici.

848 925 1040 992 Inter
1092 923 1258 992 alias
1298 922 1604 991 historiae
1646 939 1867 1013 partes
1901 920 2393 1011 jurisconsulto
2441 942 2599 989 cum
2639 923 2875 1013 primis

693 1030 1141 1113 necessarias,
1182 1026 1535 1095 historiam
1569 1039 1846 1117 quoque
1889 1026 2305 1104 litterariam
2349 1022 2763 1117 juridicam,
2814 1048 2885 1098 et

693 1133 1050 1199 historiam
1083 1132 1327 1221 jaris,
1368 1154 1488 1201 seu
1532 1132 1750 1223 legum
1797 1126 2423 1197 Ecclesiasticarum
2478 1146 2725 1219 reputo
2764 1122 2883 1227 (§.

692 1235 980 1302 XXXV.
1013 1226 1065 1330 ).
1108 1235 1237 1303 Sed
1281 1234 1453 1302 hanc
1496 1256 1630 1328 ego
1673 1235 1915 1302 adhuc
1957 1234 2136 1301 inter
2176 1233 2564 1300 desiderata
2610 1230 2872 1303 referO.

694 1337 879 1405 Nam
920 1342 1036 1428 qui
1085 1338 1214 1406 hoc
1255 1341 1542 1415 nomine
1554 1339 1899 1426 inscripti
1938 1334 2260 1411 feruntur
2313 1337 2578 1426 libelli,
2619 1354 2885 1426 partem

695 1438 1000 1510 historiae
1044 1444 1225 1511 illius
1255 1445 1556 1533 aliquam
1594 1444 1943 1533 explicant
1979 1438 2310 1528 fortasse,
2350 1442 2692 1530 integram
2721 1463 2882 1532 pro-

694 1542 885 1614 fecto
952 1548 1471 1636 absolutamque
1528 1546 1887 1622 historiam
1930 1567 2062 1615 non
2115 1545 2486 1633 explicant.
2543 1543 2712 1612 Sunt
2761 1568 2905 1615 aum

697 1662 836 1715 tem
879 1648 1181 1717 historiae
1223 1648 1425 1738 hujus
1463 1650 1828 1737 scriptores
1858 1655 1925 1715 in
1952 1648 2220 1736 duplici
2261 1650 2496 1716 classe.
2527 1648 2670 1715 Alii
2700 1653 2882 1716 enim

697 1768 1057 1840 utramque
1095 1753 1322 1818 civilis
1375 1767 1445 1820 et
1483 1752 1798 1819 canonici
1836 1750 2006 1840 ju'ris
2062 1750 2468 1841 historiam,
2521 1751 2642 1820 alii
2705 1750 2886 1822 hanc

699 1852 786 1920 ab
824 1855 1372 1947 illa'sejunctam
1428 1855 1896 1924 tradiderunt.
2424 1883 2428 1889 ’

1014 2061 1073 2130 I.
1156 2061 1267 2130 An
1339 2082 1672 2134 muoREM
1754 2083 2068 2132 CLASSEM
2146 2082 2578 2132 PERnNENr

814 2292 840 2335 1
960 2267 1137 2340 Sam.
1189 2212 1478 2357 Rayher
1517 2269 1585 2337 in
1625 2231 1724 2338 Η.
1702 2272 1967 2344 storia
1984 2271 2378 2390 universali.
2429 2268 2672 2339 Lubec.
2736 2292 2887 2339 ann.

718 2374 939 2459 1708.
982 2399 1056 2459 4.
2384 2433 2389 2436 .

763 2494 842 2539 2
954 2472 1313 2541 Burchard
1370 2472 1595 2543 Gottl.
1649 2474 1896 2544 Struve
1943 2476 2015 2542 in
2068 2479 2384 2546 Historia
2425 2477 2632 2565 juris.
2679 2472 2888 2571 Jenae

697 2594 846 2642 ann.
899 2577 1115 2659 1718.
1167 2602 1239 2649 4.
1393 2643 1398 2646 ,

806 2700 840 2764 3
955 2679 1204 2756 Joann.
1249 2677 1495 2746 Adam.
1537 2679 1766 2768 Ropp.
1807 2679 1877 2745 in
1916 2680 2232 2765 Historia
2260 2680 2492 2768 juris,
2533 2702 2653 2767 quo
2690 2678 2886 2751 hodie

696 2780 764 2847 in
814 2780 1173 2847 Germania
1216 2780 1504 2850 utimur.
1549 2782 1786 2868 Marp.
1828 2802 1978 2846 ann.
2033 2789 2276 2893 ¹750·-
2319 2780 2386 2845 8.

800 2906 851 2968 4
957 2882 1147 2969 Aug.
1216 2878 1529 2947 Helfeld.
1596 2881 1665 2947 in
1719 2881 2033 2948 Historia
2075 2879 2260 2971 juris
2320 2878 2759 2992 Germanici,
2814 2903 2884 2954 et

698 2982 1055 3074 Canonicoq
1065 2975 1417 3064 Pontificii
1458 3003 1676 3072 1741.
1719 2983 1788 3052 8.

804 3111 846 3175 5
957 3088 1209 3165 Joann.
1235 3083 1497 3156 Christ.
1528 3084 1888 3178 Rudolph.
1917 3086 2274 3155 Schedium
2302 3087 2702 3156 universalis
2730 3092 2889 3159 His-

696 3193 893 3261 toriae
922 3192 1138 3285 legum
1183 3193 1250 3258 in
1279 3189 1637 3259 Germania
1677 3192 2076 3284 vigentium.
2117 3190 2413 3283 Erlang.
2456 3199 2610 3260 ann.
2662 3194 2885 3281 1758.

705 3297 773 3365 8.
825 3296 1026 3364 Edit.
1063 3294 1289 3364 Germ.

741 3466 746 3472 ,
802 3396 871 3476 6,
957 3400 1208 3477 Jo‘ann.
1237 3397 1489 3467 ‹Gotth
1529 3398 1943 3466 Heineccius
1982 3397 2051 3464 in
2087 3398 2401 3481 Historia
2427 3397 2612 3487 juris
2651 3398 2885 3469 civilis

697 3500 1002 3582 Romani
1021 3524 1116 3568 ac
1140 3501 1543 3576 Germanici.
1583 3499 1886 3592 Argent.
1932 3524 2081 3569 ann.
2136 3496 2352 3586 1765.
2398 3500 2464 3568 8.
2890 3519 2892 3524 ’

803 3624 850 3689 7
958 3602 1209 3681 Joann.
1266 3604 1481 3671 Henn
1532 3600 1838 3699 Christ.
1861 3605 1949 3674 de
1985 3604 2272 3672 Selcow.
2334 3604 2647 3671 Historia
2703 3604 2894 3693 juris

696 3707 1008 3773 extranei
1054 3723 1122 3774 et
1176 3707 1522 3776 domestici
1571 3708 1643 3775 in
1694 3705 2051 3775 Germania
2123 3709 2449 3799 vigentis.
2521 3707 2883 3777 Brunsvici

713 3805 933 3897 1767.
980 3808 1048 3875 8.

805 3912 843 3979 8
956 3910 1137 3980 Dan.
1203 3912 1643 3981 Nettelbladt
1706 3913 2076 3987 Introduct.
2127 3915 2200 3984 in
2248 3910 2881 4012 Jurisprudentiam

679 4017 1078 4110 positivam.
1128 4015 1292 4088 Hal.
1329 4038 1479 4090 ann.
1532 4012 1755 4109 1761.
1821 4018 1887 4089 8.
