3275 4784
711 263 847 358 ⁸48
1553 281 1933 336 sectio
2001 286 2056 339 1.

651 425 917 496 quutus
954 403 1388 496 exemplum,
1425 403 1673 473 Pisano
1717 405 1857 493 illi,
1900 405 1985 474 de
2031 426 2168 494 quo
2211 404 2403 494 dixi,
2453 411 2839 480 conventui

652 507 897 579 favere
940 510 1262 581 desierat.
1308 504 1594 577 Praefuit
1633 505 1881 604 Julius
1924 531 2136 599 usque
2170 510 2258 576 ad
2302 513 2667 579 ses-sionem
2698 534 2856 580 sex-

652 626 822 680 tam.
864 612 945 680 In
987 609 1091 678 his
1133 613 1425 701 primum
1466 611 1787 678 damnata
1825 629 1980 679 sunt
2034 630 2186 679 acta
2239 609 2540 681 Concilii
2590 613 2850 685 Pisani.

660 713 982 784 Proxime
1010 710 1372 783 Gallorum
1414 716 1903 803 pragmaticam
1942 717 2364 782 sanctionem
2401 715 2681 785 adortus
2712 735 2850 787 est.

660 815 915 906 Neque
975 836 1143 902 vero
1195 817 1489 884 dubium
1541 833 1681 906 est,
1729 819 1895 904 qui-n
1949 818 2098 883 dira
2155 818 2526 886 admodum
2586 820 2655 886 in
2709 817 2860 885 Lu-

658 919 964 988 dovicum
996 919 1281 989 decreta
1324 920 1607 1010 ejusque
1650 922 1868 986 socios
1905 921 2093 986 edita
2136 916 2469 1007 fuissent,
2517 922 2648 987 nisi
2688 920 2860 988 Pon-

664 1022 927 1090 tificem
969 1023 1300 1090 vindictae
1339 1024 1720 1112 paullulum
1761 1023 2192 1112 cupidiorem
2225 1023 2289 1089 in
2319 1024 2468 1113 ipso
2499 1026 2709 1112 p'rope
2741 1044 2858 1090 re-

650 1143 821 1193 ⁴rum
853 1124 1280 1193 decernenda
1294 1146 1445 1192 rum
1484 1142 1815 1216 apparatu
1840 1145 2018 1192 mors
2049 1145 2181 1191 non
2211 1126 2689 1214 intempestiva
2718 1125 2862 1193 abs·

658 1228 955 1296 tulisset.
990 1228 1245 1303 Mitior
1283 1229 1531 1295 indole
1572 1229 2012 1316 consiliisque
2053 1226 2190 1294 Leo
2219 1227 2304 1293 X.
2335 1229 2403 1293 in
2444 1229 2670 1294 locum
2710 1228 2856 1317 ejus

662 1352 821 1398 ann.
868 1355 894 1397 1
913 1355 997 1417 41
1022 1352 1087 1418 32
1117 1330 1443 1398 suffectus
1471 1330 1868 1399 inchoatum
1894 1331 2031 1418 jam
2058 1326 2467 1397 Concilium
2494 1331 2856 1398 continua-

661 1431 820 1519 bat,
861 1434 1065 1501 editis
1109 1455 1242 1502 non
1285 1434 1515 1502 multis
1556 1449 1954 1523 praesentem
2007 1435 2077 1499 111
2131 1453 2270 1499 rem
2329 1432 2672 1520 decre-tiS,
2721 1454 2854 1499 ve-

661 1556 815 1604 rum
855 1537 943 1603 ad
988 1537 1444 1604 desideratam
1481 1538 1745 1625 optimo
1783 1537 2032 1624 cuique
2072 1534 2451 1626 disciplinae
2491 1532 2835 1603 reforma·

666 1640 932 1708 tionem
975 1640 1249 1706 minime
1287 1639 1706 1706 suffecturis.

769 1740 1024 1807 ScHoL.
1061 1740 1119 1808 I.
1227 1742 1405 1808 Acta
1430 1757 1503 1807 et
1526 1740 1807 1807 decreta
1837 1737 2038 1831 hujus
2065 1734 2365 1808 Concilii
2395 1742 2667 1809 nomine
2696 1737 2847 1809 edi·

663 1858 774 1928 ta,
813 1841 1050 1910 Romae
1090 1845 1385 1933 primum
1421 1865 1566 1910 ann.
1616 1865 1642 1909 1
1668 1863 1836 1928 520.
1878 1845 2061 1933 typis
2099 1864 2351 1911 excusa
2389 1860 2547 1912 sunt
2584 1843 2718 1913 hoc
2742 1845 2847 1910 ti·-

666 1944 867 2012 tulo:
933 1945 1013 2013 S.
1075 1944 1525 2013 Lateranense
1577 1944 1945 2013 Concilium
1997 1944 2413 2014 novissimum
2476 1946 2590 2012 sub
2639 1942 2852 2041 Julio

673 2046 774 2115 II.
831 2064 901 2116 et
956 2047 1171 2116 Leone
1224 2048 1309 2114 X.
1362 2048 1783 2116 celebratum.
1847 2047 2140 2116 Exstant
2207 2048 2602 2116 adcuratius
2668 2047 2858 2138 apud

676 2149 1027 2218 Harduin.
1068 2168 1224 2220 tom.
1265 2170 1336 2241 9.
1368 2170 1537 2242 pag.
1589 2172 1807 2237 1573.
1847 2153 1958 2217 cui
1998 2151 2179 2218 adde
2222 2149 2425 2217 Edm.
2467 2148 2724 2218 Richer
2779 2165 2852 2218 et

677 2251 1006 2322 Natalem
1047 2254 1520 2322 Alexandrum
1564 2254 1687 2322 cit.
1723 2253 2001 2320 dissert.
2044 2268 2180 2321 art.
2234 2278 2305 2340 4.
2361 2275 2538 2340 seqq.
2577 2252 2856 2342 Legiti-

684 2376 872 2424 mum
937 2380 1078 2424 esse
1145 2356 1277 2424 hoc
1331 2354 1726 2425 Concilium
1782 2354 2096 2425 fatentur
2160 2377 2412 2424 omneS.
2468 2347 2861 2422 OEcumeni-

678 2479 842 2523 cum
908 2460 1217 2544 plerique
1284 2474 1566 2545 negant.
1641 2456 2091 2523 Bellarminus
2145 2476 2213 2523 et
2264 2457 2634 2526 Duvallius
2683 2456 2865 2524 fluc-

684 2574 914 2624 tuant.
956 2557 1256 2625 Decreta
1291 2558 1570 2647 quidem
1612 2575 1796 2624 certe
1839 2559 1909 2623 in
1949 2556 2077 2624 hac
2132 2559 2402 2642 synodo
2451 2561 2677 2646 edita,
2715 2580 2867 2648 quae

682 2655 1010 2726 feruntur
1047 2662 1116 2726 in
1154 2659 1336 2728 libro
1368 2661 1667 2752 septimo
1706 2658 2197 2750 decretalium,
2223 2658 2483 2730 ,Leonis
2509 2678 2706 2752 sunt,
2730 2680 2867 2732 nou

678 2758 990 2830 ‘Concilii
1054 2761 1359 2830 decreta.

708 2910 719 2918 -
766 2863 1047 2931 «301101.
1108 2864 1204 2931 IL
1310 2864 1392 2931 In
1457 2859 1590 2933 hoc
1632 2859 1961 2932 >Concilio
2021 2866 2444 2955 pragmatica
2498 2862 2866 2936 Gallorum

684 2965 947 3032 sanctio
966 2988 1098 3056 -per
1120 2962 1561 3037 Concordata
1591 2966 1969 3036 intercidit.
1988 2966 2176 3035 Dum
2203 2966 2292 3035 de
2322 2966 2442 3034 illa
2470 2970 2864 3037 revocanda.

682 3083 1049 3158 ageretur,
1087 3072 1654 3140 constitutionem
1693 3070 2166 3162 promulgavit
2206 3070 2353 3142 Leo
2389 3069 2753 3158 Pontifex,
2790 3072 2866 3140 111

690 3192 865 3260 qua,
899 3190 1345 3264 posteaquam
1376 3176 1608 3242 omnia
1635 3222 1663 3262 ,
1707 3194 1866 3263 quae
1912 3174 1984 3241 in
2034 3171 2354 3243 Concilio
2404 3172 2491 3241 ab
2544 3172 2869 3263 Eugenio

686 3273 1023 3344 dissoluto
1049 3293 1201 3345 acta
1229 3294 1412 3364 sunt,
1437 3276 1630 3346 nulla
1663 3298 1805 3343 esse
1834 3293 2041 3366 atque
2069 3278 2265 3344 irrita
2292 3275 2693 3357 deciarasse,
2724 3273 2867 3343 haec

691 3377 935 3446 subdit
974 3401 996 3445 z
1060 3379 1274 3468 Quum
1323 3380 1706 3470 praesertim
1765 3379 1974 3445 solum
2032 3377 2391 3446 Romanum
2453 3370 2873 3465 Pontificem,

698 3495 1035 3568 tamquam
1098 3483 1570 3549 auctoritatem
1634 3498 1833 3568 supra
1885 3481 2095 3549 omnia
2145 3480 2447 3546 Concilio
2503 3475 2874 3567 habentem,

690 3578 1168 3649 concili-orum
1199 3582 1719 3670 indicendorum,
1777 3578 2425 3666 transferendorum,
2487 3601 2569 3646 ac
2626 3579 2873 3648 dissol-

694 3682 1083 3769 vendorum,
1138 3686 1404 3772 plenum
1456 3684 1572 3773 jus
1631 3701 1709 3751 et
1756 3699 2165 3773 potestate-m
2216 3680 2456 3749 habere
2509 3682 2735 3749 nedum
2786 3703 2872 3751 ex

689 3802 896 3849 sacrae
952 3783 1335 3876 ,Scripturae
1378 3788 1811 3871 testimonio,
1867 3787 2072 3856 dictis
2138 3798 2507 3853 sanctorum
2554 3782 2864 3871 Parrum,

685 3898 757 3953 et
807 3885 1083 3954 aliorum
1134 3885 1569 3954 Romanorum
1612 3881 1997 3978 pontificum
2050 3890 2256 3956 etiam
2312 3888 2859 3977 praedecessorum

684 4004 1088 4085 nostrorum,
1138 4011 1592 4086 sacrorumque
1651 4011 1957 4062 canonum
1999 3991 2344 4083 decretis,
2394 3990 2511 4060 sed
2558 4011 2646 4059 ex
2693 4005 2867 4083 pro·
