3275 4784
701 272 844 329 ¹170
1482 269 1873 324 SECTIO
1956 272 2010 325 1.

641 394 755 462 Ι1111
798 393 1039 461 Franc.
1082 379 1431 462 Heroldus
1485 392 1677 460 Rom.
1728 416 1874 462 ann.
1940 388 2156 480 1673.
2212 392 2335 461 sub
2394 393 2643 466 titulo:
2712 396 2844 465 Li-

651 521 752 565 ma
796 499 1057 566 limata.
1097 496 1647 566 Constitutiones
1686 499 2230 564 Tarraconenses
2277 499 2620 565 Antonius
2689 504 2853 571 Au·-

656 603 968 693 gustinus
1009 600 1290 670 Tarrac.
1336 623 1485 669 ann.
1539 601 1759 688 1580.
1800 600 1974 668 Vid.
2017 600 2312 667 Salmon.
2359 602 2484 668 loc.
2526 603 2649 668 cit.
2683 607 2742 689 ξ.
2776 630 2849 692 4.

774 728 811 791 5
927 702 1282 794 Concilia,
1333 703 1669 793 Decretat,
1708 704 1968 794 Leges,
2010 721 2078 770 et
2118 702 2662 774 Constitutiones
2704 706 2853 774 Ec·-

669 808 892 876 clesiae
914 809 1324 876 Britannicae
1355 808 1514 875 inde
1544 807 1629 875 ab
1655 809 1861 876 initio
1888 806 2298 875 Christianae
2327 807 2713 898 Religionis
2744 833 2863 878 us-

663 934 794 999 que
837 913 924 979 ad
968 935 1156 980 suam
1199 929 1469 979 aetatem
1511 911 1783 980 duobus
1826 912 2289 980 voluminibus
2330 912 2728 1000 complexus
2757 933 2858 985 est

664 1014 875 1082 Lond.
920 1039 1069 1082 ann.
1127 1011 1339 1105 1639.
1384 1016 1602 1082 Henr.
1637 1014 2087 1104 ‘spelmannus
2119 1016 2183 1080 in
2217 1013 2655 1084 Labbeanam
2686 1012 2860 1084 Col-

657 1117 1026 1186 lectionem
1072 1119 1507 1208 postmodum
1550 1118 1807 1186 relatis·
1851 1116 1987 1185 Eas
2015 1118 2160 1209 jam
2198 1135 2353 1186 ante
2395 1117 2589 1186 Guil.
2629 1119 2852 1185 Lind-

658 1240 827 1291 voot
859 1224 925 1289 in
956 1240 1218 1291 certum
1245 1223 1787 1307 velutisystema
1818 1220 2134 1312 redegit,
2157 1238 2371 1310 atque
2393 1221 2700 1287 edendas
2728 1244 2850 1289 cu-

663 1327 843 1393 ravit
889 1325 1120 1394 Paris.
1155 1349 1314 1393 ann.
1365 1347 1582 1416 1509.
1629 1324 1769 1392 Sed
1824 1347 1977 1391 cum
2024 1341 2102 1392 -et
2153 1323 2339 1412 haec,
2380 1339 2457 1392 et
2498 1346 2648 1413 quae
2687 1347 2852 1413 pos-

658 1430 873 1496 terior
913 1446 1013 1497 est
1057 1453 1214 1497 ann.
1278 1452 1496 1517 1557.
1552 1428 1773 1498 editio
1825 1431 2041 1496 rarior
2088 1449 2236 1495 esse
2280 1429 2655 1516 coepisset,
2697 1411 2849 1494 Ro-

652 1529 886 1601 bertus
924 1531 1302 1602 Scharroch
1347 1532 1612 1600 Doctor
1646 1534 1913 1620 Anglus
1934 1533 2168 1620 operis
2201 1532 2501 1598 utilitate
2531 1531 2843 1620 compul-

645 1656 767 1701 sus
798 1686 819 1723 ,
864 1637 931 1702 id
974 1639 1191 1725 ipsum
1240 1634 1425 1700 haud
1470 1635 1738 1701 modica
1780 1637 2163 1700 accessione
2201 1651 2483 1702 auctum
2522 1635 2840 1724 ⁸notisque

658 1738 1077 1805 illustratum
1119 1737 1342 1805 edidit
1386 1736 1780 1804 Oxon..ann.
1823 1731 2039 1822 1663.
2070 1735 2544 1804 Vid..Salmon
2575 1736 2694 1804 loci.
2726 1738 2850 1807 cit.

661 1843 722 1924 §.
772 1863 836 1926 5.
880 1841 1451 1931 Locupletissima
1493 1862 1663 1909 vero
1706 1858 1805 1907 est
1837 1841 2412 1930 omnium‚quam
2446 1838 2681 1908 studio
2710 1835 2858 1908 Da-

646 1944 779 2012 ·vid
836 1945 1141 2013 Wilkins
1204 1945 1461 2034 Anglia
1523 1944 1758 2011 debet.
1828 1944 2103 2012 Titulus
2162 1942 2280 2011 hic
2339 1960 2493 2011 est:
2549 1944 2852 2012 Concilt‘a

648 2068 914 2139 :magnae
950 2048 1332 2117 Britannice
1354 2098 1382 2138 Π,
1425 2064 1491 2116 ec
1528 2047 1903 2118 Hiberniae.
1941 2045 2231 2116 Londini
2289 2069 2382 2136 17
2387 2069 2512 2135 37.
2564 2043 2695 2114 fol.
2749 2068 2844 2116 m.

673 2168 858 2220 tom.
914 2178 985 2241 4.

762 2251 815 2322 6
924 2256 1295 2328 Germania
1338 2254 1811 2326 Conciliorum
1862 2277 2140 2326 suorum
2196 2253 2669 2324 collectionem
2727 2254 2852 2324 diu

661 2376 729 2427 et
771 2362 971 2426 anxie
1017 2363 1470 2428 desideravit.
1511 2358 1743 2450 Coepit
1781 2384 1861 2428 ea
1903 2363 2195 2450 primum
2235 2359 2563 2449 colligere
2600 2357 2850 2428 Fride-

651 2465 839 2528 ricus
881 2463 1204 2529 Scannat‘:
1253 2462 1360 2527 Eo
1398 2465 1549 2552 ipso
1586 2465 1661 2528 ’111
1703 2480 2038 2550 apparatu
2082 2459 2119 2527 ὲ
2160 2465 2339 2529 vivis
2379 2460 2692 2545 sublato,
2728 2461 2854 2539 Jo-

655 2560 905 2652 sephus
947 2562 1319 2630 Harzheim
1363 2564 1743 2652 sumptibus
1771 2562 1930 2630 cels.
1957 2563 2293 2652 Principis
2319 2563 2606 2642 ,joannis
2647 2563 2845 2632 Mau-

663 2669 807 2735 ritii
851 2664 1375 2756 Archiepiscopi
1416 2667 1813 2754 PragensiS,
1847 2682 1927 2733 ut
1971 2688 2218 2733 excusa
2248 2667 2432 2754 typis
2463 2666 2722 2753 publici
2747 2666 2849 2756 ju·

660 2773 751 2838 ris
794 2770 1034 2836 fierent
1063 2818 1084 2856 ‚
1122 2771 1419 2838 curavit.
1456 2769 1703 2836 Priora
1744 2771 2049 2857 quinque
2081 2768 2434 2837 volumina
2466 2768 2650 2835 illius
2686 2789 2851 2857 ope-

666 2895 738 2939 ra
796 2869 1227 2959 prodierunt.
1273 2870 1575 2960 Reliqua
1632 2870 1825 2937 dedit
1881 2871 2210 2937 Herman.
2242 2868 2504 2936 Scholl.
2546 2863 2672 2938 'De
2717 2870 2851 2939 hac

560 3042 567 3045 ,
660 2973 1070 3042 collectione
1135 2971 1282 3043 vid.
1340 2973 1839 3042 *Bibliothecam
1883 2975 2335 3041 ,universalem
2378 2970 2849 3041 Germanicam

648 3078 1077 3147 duodecimo
1094 3078 1443 3145 volumine
1461 3078 1778 3146 :additam
1801 3095 1969 3168 pag.
1995 3077 2177 3163 -842,
2203 3075 2410 3143 Adde
2429 3074 2690 3165 Lunig.
2709 3076 2762 3141 S
2753 3076 2861 3165 pi·

671 3183 874 3274 cileg.
921 3181 1186 3249 Eccles.
1226 3179 1421 3249 Cont.
1465 3205 1536 3250 ’1.
1576 3198 1643 3249 et
1694 3203 1757 3268 3.
1802 3180 1993 3271 Lips.
2034 3203 2183 3247 ann.
2237 3201 2455 3266 1721.

776 3305 821 3373 7
897 3274 901 3280 ¹
930 3285 980 3352 P
1001 3287 1191 3354 aullo
1229 3286 1433 3353 citius
1461 3286 1839 3377 Hungariae
1865 3300 2002 3351 tam
2032 3305 2171 3351 esse
2194 3283 2418 3350 'beatae
2445 3280 2660 3346 licuit.
2692 3278 2862 3348 Gra·

663 3390 760 3457 tia
804 3387 947 3456 haec
978 3385 1085 3455 Ca
1106 3388 1262 3456 rolo
1323 3378 1637 3478 Petefejo
1682 3389 1844 3455 viro
1884 3388 2165 3477 egregie
2205 3385 2465 3467 doctoi,
2504 3399 2574 3448 et
2612 3385 2666 3449 si
2708 3387 2860 3471 quis

671 3494 883 3578 aliuS,
917 3492 1285 3560 laborioso
1325 3491 1643 3558 debetur.
1683 3489 1857 3580 Ejus
1888 3511 2105 3579 opera
2135 3488 2355 3553 Sacra
2395 3484 2697 3552 Com-ilia
2726 3485 2864 3553 Ec·

652 3595 883 3661 ,clesiae
949 3592 1668 3661 Romano-Catholicis»
1740 3594 1808 3661 in
1856 3591 2097 3683 Regno
2145 3589 2522 3678 Hungariae
2588 3587 2861 3657 duobus

667 3694 1136 3765 voluminibus
1168 3695 1418 3763 Boson.
1452 3718 1610 3763 ann.
1667 3717 1885 3783 1741.
1920 3717 2071 3783 seq.
2110 3691 2438 3780 evulgata
2476 3707 2657 3758 sunt.
2696 3690 2863 3759 Non

670 3797 1180 3887 dubit0,‹quin
1213 3815 1294 3866 et
1348 3802 1735 3868 accuratior
1788 3814 1857 3866 et
1910 3797 2188 3865 auctior
2227 3792 2377 3862 fieri
2433 3791 2577 3860 haec
2633 3808 2862 3891 posset

644 3902 915 3988 -editi0‚
955 3903 1008 3968 si
1052 3923 1343 3991 quorum
1382 3904 1452 3970 in
1493 3924 1695 3969 manu
1739 3901 2019 3992 pretiosi
2061 3897 2304 3966 horum
2354 3913 2843 3965 monumento-

651 4028 811 4074 ³rum
850 4002 1188 4076 Thesauri
1240 4022 1399 4078 sunt
1429 4056 1451 4100 ,
1504 4026 1643 4076 non
1694 4005 2087 4078 inviderent
2136 4002 2362 4073 lucem
2410 4000 2836 4072 documentis
