3275 4784
727 259 825 337 90
1486 252 1914 309 sterio
2011 255 2065 308 n

786 379 1042 448 Senot..
1148 368 1360 447 Conf.
1403 377 1682 444 omnino
1723 375 1967 443 Petrus
2007 375 2093 444 de
2137 374 2376 446 Marca
2418 373 2538 448 lib.
2587 395 2652 465 3·
2724 395 2871 471 cap.

678 479 762 550 6.
806 486 865 567 §.
913 505 1028 569 14.
1077 497 1150 549 et
1190 481 1371 559 Just.
1416 480 1646 547 Henn.
1689 478 1990 550 Bohmer
2036 481 2109 549 in
2161 481 2434 551 dissert.
2485 480 2566 551 de
2618 481 2869 554 decret.

676 584 959 655 Roman.
999 582 1218 654 Pom.
1260 585 1321 670 §.
1375 605 1398 650 1
1424 605 1488 652 1.
1529 604 1668 674 seq.

1563 783 1626 868 §·
1730 781 2026 853 van.

1559 993 1761 1093 Quae
1809 994 2018 1072 sint?
2105 1015 2114 1021 ·

840 1205 1020 1291 Quae
1056 1197 1099 1273 a
1136 1221 1443 1296 tempore
1481 1201 1784 1273 confecti
1821 1204 2182 1275 Gratianei
2224 1205 2484 1275 decreti
2527 1226 2746 1296 usque
2769 1205 2864 1277 ad

682 1307 1009 1399 Gregorii
1053 1309 1166 1376 IX.
1206 1311 1763 1398 compilationem
1801 1311 2009 1378 editae
2045 1326 2202 1380 sunt
2242 1308 2686 1377 collectiones
2738 1309 2869 1379 de-

687 1414 1089 1500 cretalium,
1124 1412 1454 1501 Antiquae
1492 1412 1846 1481 dicuntur.
1877 1414 2143 1481 Harum
2169 1412 2389 1502 vulgo
2414 1414 2720 1501 quinque
2751 1434 2876 1481 nu·

689 1532 995 1583 merant:
1051 1517 1232 1583 inter
1288 1538 1455 1604 quas
1506 1515 1747 1583 Prima
1815 1513 2114 1585 habetur
2178 1517 2333 1603 illa,
2378 1537 2534 1603 quae
2572 1514 2876 1584 Bernar-

692 1618 774 1683 do
828 1616 1047 1684 Circae
1100 1618 1473 1707 Praeposito
1528 1617 1844 1707 Papiensi
1906 1635 1979 1686 et
2026 1618 2285 1687 deinde
2340 1616 2686 1707 Episcopo
2734 1618 2876 1686 Fa·-

698 1720 984 1788 ventino
1024 1719 1358 1806 debetur,
1399 1736 1467 1788 et
1508 1723 1846 1811 praecipue
1882 1720 2276 1790 Alexandri
2319 1720 2394 1785 11
2415 1720 2459 1786 Ι.
2497 1719 2695 1788 Lucii
2724 1720 2859 1789 ΙΙΙ.

695 1822 1124 1911 aliorumque
1165 1822 1577 1892 Pontificum
1619 1824 1995 1894 decretales
2034 1845 2251 1916 usque
2305 1822 2393 1891 ad
2440 1823 2875 1892 Coelestinum

700 1923 790 1990 11.
831 1927 1135 1993 continet
1178 1914 1313 2021 (1).
1357 1926 1621 1995 Verum
1663 1926 1873 2017 duas,
1912 1928 2138 2017 illam,
2187 1927 2631 1996 collectiones
2681 1928 2883 1994 anti-

697 2028 974 2115 quiores
1014 2032 1428 2118 praecessisse
1466 2031 1710 2099 docuit
1753 2031 2049 2100 Bohmer
2089 2023 2228 2128 (τι),
2269 2050 2561 2120 quarum
2617 2050 2748 2095 una
2789 2027 2878 2096 ab

694 2131 847 2219 ipso
888 2133 1181 2220 primum
1218 2156 1309 2200 ex
1349 2150 1747 2222 pervetusto
1777 2132 2222 2203 Bibliothecae
2255 2128 2880 2200 Hasso-Casselanae

698 2238 959 2323 scripto
986 2232 1251 2304 Codice
1274 2236 1464 2305 edita
1494 2257 1594 2306 est
1626 2228 1780 2334 (3),
1808 2240 2022 2307 altera
2048 2257 2218 2304 vero
2242 2234 2369 2303 sub
2393 2234 2606 2301 titulo
2634 2256 2885 2322 appen-

697 2336 872 2403 dicis
913 2338 1001 2405 ad
1040 2337 1434 2408 Concilium
1478 2341 1935 2411 Lateranense
1972 2339 2018 2407 ὰ
2053 2338 2326 2435 Joanne
2366 2337 2712 2406 Harduino
2768 2357 2885 2403 re·-

700 2434 929 2505 fertur
968 2429 1108 2531 (4).
1148 2441 1256 2506 Ex
1296 2440 1400 2506 his
1439 2443 1655 2508 multa
1694 2445 1765 2507 in
1805 2465 1960 2509 suas
1995 2443 2438 2508 collectiones
2472 2439 2883 2506 Bernardum

701 2554 772 2605 et
822 2538 1278 2630 Raymundum
1340 2542 1689 2629 retulisse⁹
1743 2542 2104 2610 Bolzmerus
2158 2540 2539 2608 contendit.
2595 2540 2883 2630 Altera,

694 2663 849 2731 quae
888 2643 1081 2710 annis
1121 2642 1491 2711 duodecim
1529 2662 1681 2734 post
1710 2645 2043 2713 Bernardi
2073 2644 2547 2712 collectionem
2591 2645 2882 2731 prodiit,

695 2763 800 2814 est
837 2743 1186 2813 Gallensis
1217 2768 1343 2813 seu
1383 2749 1456 2814 V
1454 2750 1761 2833 alle-mis,
1800 2750 1919 2835 qui
1947 2746 2308 2816 nonnullas
2343 2745 2723 2813 Alexandri
2752 2745 2883 2814 III.

695 2848 929 2935 plures
994 2868 1164 2915 vero
1223 2848 1428 2918 Lucii
1487 2850 1613 2915 ΙΙΙ.
1682 2848 1935 2916 Urbani
2001 2849 2127 2917 ΠΙ.
2189 2848 2560 2917 Clementis
2623 2847 2773 2916 111.
2809 2865 2884 2916 et

701 2948 1051 3016 Caelestini
1110 2951 1199 3018 11.
1261 2953 1506 3020 eadem
1571 2951 1946 3041 methodo,
1995 2974 2132 3042 qua
2183 2953 2242 3018 is
2297 2972 2456 3020 usus
2505 2967 2661 3036 est,
2712 2952 2930 3018 con-*

702 3052 911 3140 gessit
944 3043 1087 3147 (5).
1128 3051 1368 3123 Tertia
1405 3054 1770 3124 Innocentii
1810 3056 1931 3124 111.
1966 3054 2355 3123 decretales
2389 3055 2883 3142 complectitur

696 3175 911 3243 opera
950 3154 1154 3225 Petri
1202 3156 1672 3227 Beneventani
1704 3209 1726 3245 .,
1770 3161 1959 3250 jussu
2012 3159 2195 3249 eju8‚
2250 3158 2496 3246 rejecta
2552 3156 2884 3222 Bernardi

698 3255 1236 3350 Compostellani
1272 3264 1763 3353 compilatione
1801 3285 1955 3331 ann.
2003 3282 2225 3330 1210.
2276 3261 2466 3328 edita
2500 3248 2641 3354 (6).
2696 3259 2886 3328 Huic

705 3424 888 3567 Rq>
972 3428 1113 3488 Vid.
1148 3431 1296 3529 pud.
1331 3433 1576 3492 Bohmer
1610 3436 1680 3492 de
1713 3434 1979 3492 clement.
2017 3445 2161 3509 pag.
2213 3448 2267 3508 5.
2305 3429 2527 3504 ,Joanm
2570 3424 2878 3504 Chrysost.

767 3526 832 3565 oc·
872 3551 883 3565 .
916 3527 950 3565 -o
993 3529 1111 3569 use.
1171 3531 1255 3569 ur.
1284 3529 1416 3569 can.
1492 3533 1525 3567 a
1577 3559 1584 3569 .
1667 3557 1678 3568 .
1718 3529 1779 3570 se
1853 3555 1867 3570 .
2300 3526 2305 3532 '

722 3609 729 3615 ·
788 3584 857 3667 (²
946 3522 1228 3648 ffiissejrt.
1264 3593 1334 3650 de
1363 3526 1859 3652 -cosseft.3decr33.
1894 3594 1947 3668 §-
1979 3592 2081 3668 '13.
2110 3599 2234 3646 not.
2271 3587 2366 3663 85.
2403 3595 2467 3643 et
2503 3587 2597 3663 87.

724 3699 735 3736 1
821 3686 857 3743 3
962 3666 1134 3742 »Corp.
1159 3672 1276 3741 jur.
1311 3690 1433 3728 can.
1468 3684 1604 3730 tom.
1638 3690 1697 3728 2.
1725 3691 1785 3729 n.
1827 3691 1878 3730 1.
2717 3683 2721 3686 ⁴

756 3667 857 3827 {4
964 3750 1115 3806 Tom.
1151 3750 1207 3807 6.
1237 3750 1454 3809 concil.
1482 3763 1644 3824 part.
1677 3770 1736 3808 α.
1764 3763 1909 3826 pag.
1965 3748 2139 3820 1694.

726 3838 731 3843 ’
781 3828 875 3908 (5)
955 3828 1164 3903 Espen
1188 3830 1254 3885 in
1279 3832 1515 3890 dissert.
1541 3833 1618 3887 de
1650 3841 1841 3887 veter.
1876 3831 2092 3886 decret.
2139 3823 2366 3885 collect.
2414 3826 2465 3902 §.
2518 3844 2572 3883 2.
2625 3825 2874 3888 Bohmer

701 3914 818 3965 ἠοῖ.
863 3910 938 3965 ad
962 3923 1086 3982 cap.
1120 3928 1218 3982 40.
1255 3910 1325 3967 de
1357 3922 1505 3968 sent.
1557 3927 1824 3966 excomm.

789 3989 878 4065 (6)
960 3988 1164 4062 Espen
1200 3988 1305 4047 loc.
1339 3992 1441 4047 cit.
1478 4004 1599 4063 cap.
1640 4007 1694 4046 2.
1732 3987 1785 4063 §.
1828 4008 1877 4047 1.
1913 3982 2129 4067 Georg.
2167 3985 2434 4045 Bohmer.
2464 3985 2574 4046 loc.
2622 3988 2723 4044 cit.
