3275 4784
718 241 858 317 130
1498 238 1896 295 sssc‘r1o
1968 243 2022 297 1.

670 390 806 457 que
848 364 1430 457 independentem
1466 368 1539 436 in
1578 367 1825 436 eodem
1867 385 2115 456 genere
2145 376 2555 456 potestatem
2586 387 2856 463 poneref

674 470 885 539 habet
926 471 1191 561 aliquid
1236 475 1746 562 repugnantia->3
1787 471 1961 538 duas
2016 470 2285 537 tametsi
2327 490 2623 539 summas
2652 475 2713 541 in
2741 475 2865 542 di-ss,

682 595 883 643 verso
923 596 1208 666 genere,
1247 576 1416 665 quid
1458 596 1687 664 quaeso
1719 574 1925 642 habet
1953 573 2322 642 adversum
2351 591 2552 642 tectae
2580 577 2850 647 rationii

678 670 995 764 wolfius,
1056 700 1260 768 quem
1327 695 1482 769 post
1546 677 1960 746 Leihnitium
2026 679 2093 744 in
2145 674 2318 755 hac·
2368 696 2564 769 parte
2626 679 2849 771 philo·-

683 779 942 870 sophiae
984 784 1361 873 principem
1403 787 1677 870 omnes,
1713 783 1835 872 qui
1887 781 2199 870 sapiunt,
2247 800 2617 871 reputantt,
2664 782 2860 853 Wol-

665 876 838 971 fius‚
880 886 1196 975 inquam,
1234 888 1375 976 ipse
1431 885 1566 956 hoc
1617 888 1942 978 ingenue.
1983 885 2272 953 adserit:
2307 885 2467 973 ‚Qui
2497 887 2866 970 absurdum

661 1004 916 1077 putant
974 992 1072 1057 ait
1123 980 1241 1086 (1)
1272 1040 1293 1074 ‚
1331 991 1446 1080 jus
1496 991 1677 1058 cirea
1742 1010 1936 1057 sacra
1997 1006 2412 1078 separatum:
2445 990 2530 1056 ab
2591 991 2858 1080 imperio

674 1091 876 1160 civili
925 1115 1107 1181 esse,
1157 1096 1348 1181 quasi
1399 1094 1776 1184 respublica
1823 1095 1892 1162 in
1944 1093 2281 1183 republica
2332 1085 2691 1185 fingatur,
2738 1095 2866 1185 j'u-·

676 1194 923 1263 dicium
986 1200 1239 1265 omnino
1295 1200 1740 1288 praecipitant
1766 1246 1793 1286 ‚
1854 1218 1967 1265 nec
2031 1195 2519 1264 absurditatem
2566 1199 2861 1267 domans-

677 1312 868 1368 trare
932 1302 1186 1369 valent.
1249 1303 1428 1370 Sane
1489 1303 1563 1369 in
1621 1300 1960 1391 republica
2026 1299 2448 1368 Hebraeorum
2502 1299 2621 1389 jus
2687 1302 2862 1371 circa

679 1425 871 1471 sacra
925 1422 1076 1474 erat
1132 1402 1333 1494 penes
1384 1398 1777 1489 Pontificem
1827 1404 2227 1492 maximum,
2275 1403 2622 1493 imperium
2688 1407 2864 1475 civi-

681 1506 745 1572 le
800 1525 1000 1596 penes
1070 1508 1377 1602 Regem,
1438 1528 1512 1578 et
1573 1521 1851 1598 uterque
1906 1509 2022 1601 jus
2081 1529 2277 1577 suum2
2319 1506 2644 1576 habehat·
2676 1510 2868 1601 plena

668 1608 829 1699 jure
866 1633 944 1679 ac
982 1612 1493 1700 independenter
1529 1614 1613 1680 ab
1665 1615 1826 1684 alio.
1849 1643 1854 1648 ’
1877 1611 2125 1700 Ecquis
2180 1633 2354 1680 veno,
2381 1611 2684 1697 dixerit,
2715 1612 2868 1681 ,boc-

678 1713 1063 1780 institutum
1090 1713 1314 1797 juisse
1362 1717 1709 1784 absurdum
1737 1765 1761 1802 ‚
1809 1715 2084 1782 etiamsi
2133 1733 2441 1804 seponas,
2482 1716 2661 1805 quod
2691 1710 2862 1798 fue-

678 1817 777 1882 rit
831 1817 1151 1885 divinum.
1202 1816 1417 1887 Conf.
1474 1821 1788 1887 Zalwein
1844 1836 2001 1886 tom.
2062 1839 2126 1904 3.
2181 1827 2416 1906 quaest'.
2471 1838 2540 1885 2.
2587 1837 2738 1911 cap.
2793 1839 2865 1907 ς.

675 1920 737 2004 §-
794 1941 906 1988 10.
946 1922 1143 2012 cujus
1185 1941 1413 1992 tamen
1452 1925 1682 1991 omnia
1726 1924 1937 1991 nolim
1978 1943 2126 1990 mea
2167 1919 2421 1989 facere.

787 2022 1047 2093 Senot.
1153 2027 1289 2095 Sed
1355 2030 1453 2096 ita
1502 2045 1727 2097 status
1780 2044 2006 2095 tamen
2057 2027 2127 2093 in
2190 2042 2439 2095 statum
2499 2026 2880 2118 inducetur,

678 2130 872 2218 quod
913 2131 1207 2221 imperio
1267 2133 1462 2200 civili
1516 2133 1991 2222 majestatique
2041 2150 2459 2200 summorum
2518 2132 2885 2220 imperan-

681 2234 859 2313 tium
901 2234 1350 2305 vehementer
1386 2236 1752 2306 adversum
1793 2253 1916 2304 est.
1959 2234 2117 2325 Ego
2157 2244 2323 2303 ver'o
2347 2231 2623 2301 adversi
2654 2235 2881 2303 video

684 2358 966 2426 prorsus
1003 2340 1203 2409 nihil.
1242 2341 1436 2429 Scio,
1473 2344 1591 2431 qui
1640 2339 1861 2419 isthoc
1896 2339 2255 2408 catholicis
2294 2337 2665 2429 objiciunt,
2699 2336 2881 2431 quid

681 2439 812 2507 sibi
858 2444 1096 2510 velint.
1133 2443 1399 2514 Statum
1440 2447 1700 2512 scilicet
1744 2444 2319 2531 ecclesiasticum,
2363 2444 2431 2509 in
2469 2462 2609 2531 quo
2634 2462 2884 2509 sacro-

675 2563 831 2611 rum
873 2545 1240 2616 Antistites
1282 2563 1530 2637 praeter
1565 2547 1968 2638 religionem
2011 2547 2544 2634 animarumque,
2571 2544 2884 2614 salutem'

677 2667 910 2716 rerum
972 2653 1463 2741 temporalium
1524 2669 1621 2723 ets
1661 2654 2101 2744 negotiorum
2168 2666 2427 2738 partem
2502 2651 2891 2718 maximam·

676 2772 836 2820 suae.
852 2754 1320 2842 jurisdictioni
1361 2754 1775 2837 subjiciunt3
1817 2767 2176 2837 personas,
2219 2770 2362 2831 τες,
2403 2748 2583 2814 bona
2636 2753 2890 2818 eccle-

673 2856 944 2920 siastica
982 2854 1205 2917 omnia
1245 2852 1538 2937 imperio
1577 2851 1770 2914 civili
1799 2848 2071 2934 penitus
2101 2845 2544 2933 subducuntz,
2570 2870 2641 2915 se
2673 2871 2889 2921 suos-

670 2975 803 3042 que
842 2952 1083 3017 divino
1115 2951 1266 3040 jure
1307 2966 1660 3038 exemptos
1697 2948 2170 3033 contendunt3
2195 2948 2452 3038 jurium
2478 2948 2886 3025 bonorum-

675 3055 809 3142 que
860 3054 1174 3122 civilium
1227 3055 1708 3124 communione
1762 3075 1831 3122 se
1894 3052 2173 3124 excludi
2212 3073 2349 3120 non
2386 3048 2680 3145 fernum,
2719 3080 2883 3127 res-

672 3174 899 3249 puunt
941 3176 1171 3227 autem
1212 3179 1505 3233 onetum
1539 3151 2096 3247 tributorumque
2131 3177 2334 3225 omne
2388 3178 2666 3249 genus&
2691 3170 2875 3248 pos-

674 3279 898 3331 tremo
942 3262 1168 3354 Reges
1210 3266 1417 3332 etiam
1458 3284 1754 3330 summos
1791 3284 1870 3330 ac
1911 3282 2123 3352 regna
2178 3283 2315 3328 suae
2365 3264 2686 3351 potestati
2744 3265 2880 3332 di-

676 3387 865 3437 recte
916 3369 1031 3435 vel
1084 3367 1422 3435 indirecte
1478 3367 1774 3435 abnoxia
1827 3388 1970 3434 esse
2025 3364 2312 3453 volunt3
2363 3364 2592 3454 Reges
2642 3366 2874 3455 depo-

676 3488 889 3556 nunt3
933 3491 1140 3560 regna
1197 3471 1562 3539 dividunte
1600 3469 1798 3549 hunc
1848 3471 2125 3559 inquam
2178 3485 2426 3537 statum
2477 3490 2634 3536 cum
2683 3471 2872 3538 civi-

675 3575 727 3643 li
779 3590 962 3639 statu
1015 3577 1333 3662 componi
1392 3576 1584 3643 nullo
1636 3574 1847 3642 modo
1897 3559 2091 3663 posse
2141 3572 2612 3657 contendunt,
2669 3576 2868 3660 quod

676 3678 955 3766 quidem
1026 3673 1552 3772 faciunt-aequo
1614 3679 1867 3770 Jove,
1923 3676 2507 3764 consentientibus
2569 3671 2609 3740 ὲ
2671 3694 2876 3742 com-

676 3781 999 3848 munione
1054 3779 1554 3852 catholicorum
1596 3782 2006 3877 doctissimis
2060 3797 2196 3847 tam
2233 3779 2612 3868 Theologis
2652 3799 2870 3867 quam

672 3885 1203 3965 jureconsultis.
1246 3887 1376 3954 Sed
1423 3886 1535 3955 hic
1580 3904 1793 3955 status
1833 3905 1957 3954 nec
2010 3880 2052 3953 ὲ
2090 3882 2373 3955 Christo
2422 3901 2524 3953 est
2575 3882 2873 3951 institu-

754 4002 853 4089 (1)
936 4006 1109 4074 Part.
1144 4011 1194 4072 8.
1226 4011 1340 4094 jur.
1376 4023 1503 4071 nat.
1535 4014 1587 4090 §.
1622 4025 1764 4089 955.

2856 4063 2894 4089 A>
