3275 4784
1274 256 1619 316 CAPUT
1740 259 1873 313 IV.
2433 239 2656 338 Ι469.

441 404 586 479 quo
627 360 841 478 opere
880 383 1209 456 Ecclesiae
1243 380 1450 475 hujus
1474 379 1828 471 Concilia‚
1860 381 2213 472 regiminis
2246 379 2639 475 formulam,

442 493 662 579 ritus,
703 514 783 561 ac
827 493 1319 559 successionem
1364 488 2194 579 Episcoporumegregie
2232 487 2632 558 illustravit.

442 593 618 664 Vid.
646 592 936 664 salmon
976 595 1099 661 cit.
1141 609 1349 661 tract.
1392 609 1535 681 cap.
1571 611 1646 659 2.
1679 605 1820 659 art.
1861 611 1929 658 2.
1970 591 2027 675 §.
2075 610 2150 657 2.

551 719 590 784 3
704 697 1039 767 Ecclesiae
1073 693 1452 765 Gallicanae
1504 695 1789 784 antiqua
1842 690 2159 787 Conc'ilia
2212 696 2475 783 primus
2524 697 2634 764 di·
2754 720 2757 725 ·

441 801 657 890 gessit
693 800 1002 879 Jacobus
1035 790 1472 886 Sirtfiondus‚
1517 797 1880 888 ediditque
1936 796 2169 865 Paris.
2208 818 2354 878 ann.
2411 794 2630 890 1629.

442 904 650 971 tomis
685 904 947 992 tribuS,
985 924 1139 994 quae
1175 902 1505 973 collectio
1525 902 1955 970 emendatior
1979 916 2202 968 exstat
2231 902 2416 991 apud
2448 901 2631 971 Lab-

443 1003 678 1076 beum.
718 1008 1171 1076 Accesserunt
1210 1005 1374 1075 huic
1413 1001 1669 1074 deinde
1697 1003 1904 1072 -Petri
1962 1001 2052 1071 de
2094 1002 2402 1073 Lalande
2441 1001 2627 1075 Con-

439 1109 765 1178 ciliorum
832 1110 1274 1200 antiquorum
1339 1105 1589 1178 Galliae
1653 1106 2122 1197 supplementa
2172 1104 2405 1174 Paris.
2470 1131 2621 1178 ann.

447 1205 670 1280 1666.
709 1211 1108 1283 Novissima
1150 1209 1671 1297 autemffiGalliae
1710 1207 2028 1278 Concilia
2070 1225 2222 1299 post
2259 1210 2627 1281 Tridenti-

431 1332 596 1383 num
627 1312 864 1384 habita
892 1315 1301 1407 prodierunt
1325 1313 1562 1384 studio
1589 1313 1942 1388 Ludovici
1960 1310 2317 1403 Odespum
2339 1313 2625 1400 Presby-

434 1414 567 1485 teri
606 1417 1028 1488 Turonensis
1054 1416 1286 1487 Paris.
1317 1438 1466 1485 ann.
1507 1410 1728 1503 1646.
1753 1417 1827 1511 in
1857 1415 2111 1506 quibus
2138 1415 2442 1506 suppleri
2471 1439 2626 1506 per-

430 1521 651 1589 multa
708 1516 1005 1612 possunt
1053 1543 1141 1591 ex
1191 1520 1522 1589 Martenii
1579 1535 1648 1588 et
1704 1518 2024 1588 Durandi
2079 1517 2407 1591 Thesaur.
2443 1543 2619 1591 nov.

429 1625 656 1692 anecd.
697 1623 872 1694 Vid.
911 1624 1184 1695 Salmon
1222 1624 1346 1694 loc.
1385 1623 1512 1693 cit.
1550 1624 1613 1709 §.
1662 1644 1730 1710 3.
1778 1622 1924 1691 Alii
1968 1621 2355 1692 Provinciae
2387 1623 2622 1696 alieu-

415 1724 529 1817 jus
569 1722 882 1796 Concilia
919 1729 1285 1821 separatim
1321 1726 1781 1818 collegerunt.
1822 1723 2068 1796 Veluti
2124 1724 2362 1817 Steph.
2400 1726 2618 1798 Baiu-

428 1830 578 1898 zius
637 1826 952 1900 Concilia
1017 1830 1264 1903 Galliae
1332 1829 1799 1899 Narbonensis
1865 1828 2099 1897 Paris.
2163 1851 2312 1899 ann.
2393 1817 2616 1903 1668.

426 1931 1424 2026 Franc.PomeraJusConc1ha
1452 1930 2035 2023 Rothomagensis
2058 1930 2449 2003 Provinciae
2478 1937 2618 2025 pri-

421 2055 608 2104 mum
650 2059 803 2106 cum
844 2039 1020 2106 notis
1061 2036 1351 2106 Godinii
1389 2056 1539 2103 ann.
1568 2030 1813 2120 ,1677.
1854 2033 2108 2101 deinde
2146 2036 2349 2104 Will.
2381 2037 2616 2107 Bessin

424 2135 746 2209 Rothom.
788 2164 938 2235 arm.
993 2160 1213 2227 1717.
1250 2139 1550 2217 Joannes
1584 2136 1796 2217 Maen
1838 2136 2224 2204 Provinciae
2251 2137 2620 2208 Turonen-

425 2243 516 2311 sis
552 2265 704 2313 ann.
755 2240 973 2334 1697.
1011 2240 1327 2311 Concilia
1364 2239 1783 2329 Aquitanica
1819 2235 2140 2305 Labbeus
2168 2238 2237 2304 in
2276 2238 2616 2312 Biblioth.

425 2366 712 2415 manusc.
772 2361 929 2413 tom.
987 2365 1057 2412 2.
1098 2337 1499 2435 pag-7⁶4·
1554 2341 1804 2431 Neque
1860 2340 2224 2408 omittendi
2280 2338 2412 2410 hoc
2459 2342 2619 2414 loco

422 2464 580 2516 sunt
622 2446 851 2517 Hadr.
892 2447 1115 2517 Bebot
1155 2467 1428 2514 canones
1465 2442 1945 2513 Ecclesiastici
1981 2444 2072 2510 ad
2096 2442 2422 2513 Ecclesiae
2447 2445 2615 2517 Gal·

423 2551 657 2621 Iicanae
694 2572 874 2619 usum
913 2550 1180 2619 collecti
1221 2548 1453 2616 Paris.
1491 2569 1642 2616 ann.
1697 2542 1886 2634 1605
1930 2562 1998 2615 et
2054 2547 2271 2616 Laur.
2309 2548 2616 2620 Bochel-
2659 2554 2664 2559 ’

418 2653 470 2723 li
543 2653 984 2723 Decretorum
1060 2652 1384 2721 Ecclesiae
1463 2649 1838 2719 Gallicane
1914 2649 2073 2718 libri
2152 2667 2312 2719 octo
2376 2651 2611 2727 Paric.

425 2752 1375 2850 ann.1609.Vid.Salmon
1412 2755 1536 2824 loc.
1575 2753 1701 2825 cit.
1742 2756 1803 2841 §.
1853 2773 1919 2844 3.
1968 2768 2039 2822 ee
2095 2769 2236 2824 art.
2299 2773 2367 2846 3.
2407 2773 2616 2850 penes

417 2850 642 2943 finem.
695 2885 698 2889 ’

421 3024 437 3029 ,
524 2987 576 3050 4
683 2957 1043 3052 Hispaniae
1069 2960 1388 3037 Concilia
1428 2965 1687 3055 primus
1733 2983 1898 3041 uno
1922 2964 2165 3034 codice
2213 2965 2611 3057 complexus

416 3078 524 3136 est
561 3061 771 3137 Gars.
804 3065 1052 3141 Loaisa
1095 3069 1580 3141 Matrit.ann.
1633 3086 2098 3185 1593.que1n
2136 3068 2343 3135 etiam
2385 3070 2454 3136 in
2493 3069 2613 3137 Bi-

411 3170 617 3237 niana
643 3165 1552 3247 Conciliorum-ssollectione
1583 3171 1907 3259 reperias.
1937 3170 2168 3237 Aliam
2196 3171 2434 3260 majori
2465 3169 2613 3239 ion·

415 3291 503 3362 ge
545 3289 880 3362 apparatu
907 3275 1281 3343 editionem
1311 3273 1585 3349 curavit
1615 3267 1961 3360 ⁴Iosephus
1983 3269 2198 3338 Saenz
2224 3271 2315 3338 de
2343 3270 2608 3361 Aguir-

416 3392 496 3443 re
535 3369 587 3442 e·
601 3370 863 3444 familia
892 3376 1502 3446 Benedictinorum
1532 3371 1958 3462 Monachus,
1985 3368 2607 3457 deindeCardina7

409 3473 534 3563 lis,
608 3477 800 3568 cujus
877 3498 1107 3570 opera·
1163 3479 1416 3548 notitia
1478 3467 1934 3548 Conciliorum
1991 3476 2344 3565 Hispaniae
2404 3491 2604 3567 atquc

410 3580 567 3647 novi
604 3580 828 3670 orbis,
869 3580 1213 3659 Salmant.
1246 3604 1396 3659 ann.
1450 3576 1670 3659 1686.
1713 3597 1854 3647 turn
1899 3596 2049 3669 post
2088 3579 2421 3650 Collectio
2462 3602 2603 3661 ma·-

410 3682 594 3760 xima
656 3683 1109 3759 conciliorum
1168 3685 1519 3781 Hispaniae
1585 3682 1845 3775 prodiit
1899 3680 2090 3764 Rom.
2152 3692 2305 3754 ann.
2345 3680 2599 3776 ‘1693-

410 3802 535 3874 95.
580 3782 884 3857 Ultimus
923 3804 1153 3865 tomus
1180 3788 1261 3857 'in
1297 3786 1568 3873 synodo
1602 3787 2002 3859 Dioecesana
2037 3785 2332 3865 Limensi
2365 3790 2432 3856 in
2467 3788 2596 3857 Pe-

409 3888 614 3957 ruvia
659 3910 808 3956 ann.
860 3886 1367 3978 moes-„coacta
1395 3890 1678 3971 desinit.
1715 3886 2030 3975 Concilia
2077 3892 2338 3980 aliquot
2383 3889 2599 3958 Peru-

411 3989 658 4080 viana,
695 4006 768 4061 et
808 3988 1216 4067 Dioecesana
1246 3992 1496 4065 decem
1529 4015 1686 4064 cum
1713 4010 2049 4086 apparatu
2091 3991 2425 4065 historico
2448 3986 2604 4061 edi-

1894 4109 1990 4163 22
