3275 4784
670 234 810 285 110
1405 226 1831 283 SECTIO
1941 233 1995 282 1.

616 355 890 455 Joanne
932 355 1081 423 XII.
1124 372 1282 423 ann.
1327 347 1502 445 962.
1545 375 1683 445 quo
1726 354 2087 427 Pontificia
2141 353 2487 446 dignitate
2552 379 2814 456 exuto,

620 461 756 529 Leo
796 480 998 552 quem
1035 474 1336 529 octavum
1374 476 1777 549 numerant,
1844 461 1912 528 in
1951 459 2094 550 ejus
2159 462 2387 530 locum
2438 463 2808 558 suffectuS,

615 565 904 634 eandem
943 564 1183 632 Ottom’
1221 564 1500 654 ejusque
1552 564 2055 632 successoribus
2116 581 2538 654 potestatem’
2579 570 2681 637 ita
2737 573 2809 641 in

608 687 1020 760 perpetuum
1064 690 1198 738 una
1233 688 1391 736 cum
1422 668 1573 759 jure
1611 668 2028 736 investiendi
2063 667 2440 759 Episcopos
2481 674 2807 767 contulit,

607 789 686 840 ut
715 773 842 840 sub
882 770 1334 840 anathematis
1361 773 1888 840 comminatione
1924 789 2225 859 vetaret,
2257 775 2367 842 vel
2398 773 2801 848 Pontificem

603 897 879 944 summae
918 877 1095 945 sedis
1153 875 1571 965 Apostolicae
1636 876 1847 966 eligi,
1884 876 1994 944 vel
2068 867 2488 967 Episcopum
2552 901 2800 968 quem-

603 1002 809 1068 quam
849 981 1104 1070 absque
1145 978 1586 1069 Imperatoris
1625 980 1917 1046 adsensu
1960 981 2294 1047 ordinari.
2363 979 2612 1050 Exstat
2658 983 2788 1054 hoc

546 1083 842 1152 *Leonis
871 1084 1220 1152 decretum
1264 1083 1451 1172 apud
1493 1079 1895 1151 Gratianum
1939 1086 2104 1150 dist.
2142 1079 2265 1169 63.
2304 1106 2447 1151 can.
2494 1106 2616 1172 23.

705 1188 961 1256 ScHor..
999 1182 1055 1255 Ι.
1167 1185 1384 1270 Quod
1424 1186 1510 1254 de
1554 1185 1913 1254 Hadriano
1954 1184 2029 1255 P.
2084 1190 2656 1277 commemoravi,
2723 1191 2797 1260 id

604 1312 692 1358 ex
731 1291 1090 1382 Sigeberto
1150 1288 1629 1358 Gemblacensi
1684 1308 1834 1380 post
1893 1291 2142 1358 multos
2192 1293 2364 1358 alios
2429 1290 2793 1384 descripsit

605 1392 1006 1464 Gratianus.
1045 1393 1221 1465 Vid.
1263 1393 1489 1463 Mansi
1529 1395 1598 1461 in
1638 1393 1980 1484 Supplem.
2024 1395 2258 1461 concil.
2302 1411 2457 1463 tom.
2516 1416 2583 1462 2.
2620 1415 2796 1490 pag.

604 1519 779 1585 721.
823 1495 1467 1589 Iniquissime'hanc
1533 1497 1873 1587 Sigeberti
1918 1501 2381 1566 narrationem
2449 1515 2799 1589 tamquam

532 1647 536 1650 -
597 1602 972 1692 pontificiae
1012 1601 1347 1690 majestati
1405 1601 1796 1690 injuriosam
1862 1603 2025 1670 tulit
2092 1601 2433 1668 Batonius
2488 1605 2580 1670 ad
2642 1628 2791 1674 ann.

599 1725 774 1793 774.
821 1727 883 1773 n.
923 1727 987 1791 3.
1028 1703 1239 1793 idque
1280 1702 1455 1770 adeo
1497 1706 1642 1794 egit
1710 1725 2040 1794 perquam
2096 1704 2447 1794 studiose,
2501 1722 2578 1773 ut
2626 1729 2775 1775 eam

597 1809 939 1893 synodum
974 1807 1310 1875 Hadriani
1338 1809 1911 1894 commentitiam,
1941 1807 2373 1898 Sigeberrum
2402 1830 2571 1877 vero
2601 1831 2782 1879 men-

596 1913 778 1979 dacii
825 1931 1030 2002 atque
1089 1913 1476 2000 imposturae
1526 1931 1711 1978 reum
1762 1912 2179 1980 ostenderet.
2228 1913 2481 2002 Pagius
2536 1915 2790 2003 impos-

596 2031 770 2083 turae
809 2017 1064 2084 crimen
1133 2013 1173 2083 ὲ
1215 2011 1578 2105 Sigeberto
1641 2031 1949 2084 removet
2022 2015 2303 2105 quidem
2366 2015 2433 2083 in
2485 2017 2646 2084 crit.
2702 2020 2791 2086 ad

594 2120 719 2187 cit.
763 2141 912 2187 ann.
954 2143 1018 2188 n.
1071 2142 1184 2208 13.
1222 2118 1572 2205 Synodum
1615 2137 1879 2208 tamen,
1922 2135 1997 2187 ut
2036 2135 2106 2186 et
2147 2119 2499 2188 decretum
2549 2122 2775 2208 ipsum

591 2223 847 2308 synodi
887 2224 1134 2316 rejicit.
1177 2222 1296 2292 Ait
1324 2223 1605 2314 quidem
1681 2222 2058 2292 Bohmerus
2099 2225 2167 2290 in
2205 2239 2341 2291 not.
2373 2223 2461 2289 ad
2484 2245 2628 2291 can.
2660 2243 2783 2294 22.

594 2326 758 2397 dist.
790 2323 912 2413 63.
953 2329 1333 2396 rationibus
1363 2325 1703 2396 Batoniib.
1730 2326 1933 2395 Petro
1963 2328 2049 2393 de
2084 2326 2323 2394 Marca
2361 2328 2559 2416 plane
2586 2329 2786 2395 satis-

594 2427 855 2501 factum
895 2452 1036 2495 esse
1082 2430 1200 2496 lib.
1245 2429 1311 2492 8.
1338 2447 1482 2516 cap.
1532 2449 1930 2501 massenum
1964 2427 2045 2491 -id
2086 2428 2237 2493 aliis
2279 2449 2417 2494 non
2476 2431 2787 2499 videtur.

593 2531 766 2600 Vid.
835 2529 1107 2598 Natalis
1145 2529 1541 2597 Alexander
1580 2529 1649 2595 in
1727 2530 1991 2595 Histor.
2056 2527 2307 2596 Eccles.
2374 2528 2523 2596 Saec
2580 2531 2777 2601 VIII.

597 2653 742 2725 cap.
794 2657 857 2702 1.
934 2650 1072 2701 art.
1115 2652 1187 2723 9.
1263 2648 1340 2700 et
1416 2631 1588 2699 Saec.
1629 2630 1748 2699 IX.
1815 2647 1896 2698 ⁴er
1958 2629 2046 2698 X.
2086 2649 2231 2720 cap.
2323 2653 2387 2699 1.
2438 2649 2580 2702 art.
2656 2654 2779 2704 21.

595 2738 832 2808 Hahn.
893 2736 1159 2826 imperii
1226 2734 1542 2801 Historia
1600 2751 1794 2822 part.
1866 2754 1934 2801 2.
2015 2751 2161 2824 cap.
2214 2756 2277 2820 3.
2346 2738 2406 2819 §.
2458 2756 2573 2823 13.
2613 2738 2779 2827 qui-

595 2839 724 2909 bus
763 2842 970 2909 etiam
1011 2838 1375 2906 novissime
1416 2835 1732 2904 Grebner
1773 2837 1895 2904 loc.
1936 2837 2059 2905 cit.
2100 2836 2779 2911 Schmidt.‘Institut.

584 2944 730 3034 jur.
783 2934 1061 3009 Eccles.
1095 2957 1251 3009 tom.
1303 2943 1465 3037 ¹25·
1497 2959 1615 3030 59.
1649 2939 1764 3008 111.
1803 2939 1893 3015 de
1932 2939 2265 3030 Riegger.
2305 2944 2376 3009 in
2404 2940 2616 3011 Elem.
2634 2943 2780 3035 jur.

592 3044 857 3113 Eccles'.
897 3038 1421 3134 Ger-manspart'.
1462 3067 1524 3110 1.
1565 3047 1624 3127 §.
1671 3064 1841 3133 5-54.
1905 3065 2091 3134 seqq.
2145 3044 2413 3112 adsensi
2468 3063 2666 3114 sunt:
2706 3063 2778 3116 et

574 3166 734 3240 vprae
771 3150 1018 3218 ceteris
1056 3143 1635 3218 Petrus'Galla‘de
1677 3148 1750 3214 in
1809 3147 1972 3215 diss.
2018 3148 2106 3214 ad
2154 3166 2301 3238 cap.
2382 3148 2781 3218 Hadrianus

597 3271 718 3322 22.
771 3253 938 3323 dist.
975 3248 1019 3319 6
1033 3246 1097 3340 3.
1134 3270 1287 3342 quae
1327 3267 1547 3320 exstat
1588 3251 1657 3318 in
1696 3249 2062 3318 Schmidtii
2092 3249 2414 3320 Thesaur.
2442 3249 2585 3341 jur.
2625 3250 2774 3319 Ec·

590 3357 750 3425 cles.
789 3371 948 3427 tom.
1011 3379 1075 3424 1.
1104 3373 1276 3448 pag.
1318 3375 1490 3444 252.
1529 3352 1622 3441 Et
1664 3351 1963 3423 Gallade
2004 3353 2284 3444 quidem
2346 3352 2520 3420 nihil
2559 3352 2776 3421 dubi-

591 3473 730 3547 tat,
768 3461 936 3549 quin
977 3455 1017 3526 ‘a
1054 3481 1122 3527 se
1163 3459 1242 3526 lis
1284 3459 1412 3526 ista
1451 3455 1770 3527 confecta
1811 3459 1895 3525 sit
1948 3459 2244 3547 penituS.
2283 3453 2465 3522 Mihi
2532 3472 2775 3527 contra

593 3560 1063 3652 semeiatque‘
1086 3563 1334 3645 iterum
1355 3561 1543 3631 'lecta
1569 3559 1945 3651 diiigenter
1972 3559 2363 3628 dissertatio
2390 3557 2568 3627 adeo
2587 3581 2775 3627 ‘non-

500 3673 503 3679 '
588 3665 758 3737 dum
796 3660 1169 3753 satisfacit,
1208 3681 1288 3734 ut
1331 3665 1525 3754 plura
1566 3663 1811 3733 videar
1853 3666 1919 3732 in
1960 3686 2041 3731 ea
2095 3683 2199 3729 me
2268 3660 2565 3748 vidisse,
2595 3684 2774 3753 -quae

589 3766 815 3838 refelli
846 3768 1049 3843 nuilo
1090 3770 1374 3860 negotio
1417 3770 1704 3860 possint.
1741 3766 1895 3835 Cur
1928 3762 2104 3851 enim
2149 3764 2354 3831 Petro
2387 3763 2473 3833 de
2503 3764 2771 3855 Marca,

587 3890 791 3962 quem
830 3894 1029 3942 suum
1067 3893 1208 3940 esse
1251 3869 1427 3942 falso
1459 3871 1705 3962 jactat?
1754 3867 1899 3940 Cu‘r
1961 3864 2378 3957 Contingio?
2443 3867 2768 3938 Baluzio'?

585 3972 736 4047 Cur
774 3975 922 4049 aliis
965 3997 1105 4047 non
1143 3975 1527 4070 respondit?
1564 3971 1713 4046 Cur
1750 3972 2192 4044 Correctores
2229 3972 2597 4043 Romanos
2629 3992 2766 4041 non
