3275 4784
673 222 775 300 74
1463 215 1891 271 SECTIO
2000 221 2055 271 1.

630 344 984 416 vestituris
1024 341 1538 412 concertatione
1581 341 1873 409 mirifice
1915 341 2173 409 varius.
2214 340 2446 436 Opera
2503 354 2837 424 canonica

633 450 778 518 duo
833 449 978 541 ejus
1029 449 1300 516 nomine
1354 443 1988 514 circumferuntur:
2046 445 2407 515 Decretum
2458 466 2526 517 et
2569 451 2839 539 Panor-

626 556 762 623 mia
802 576 920 622 seu
963 551 1319 639 Panomia,
1357 565 1433 618 ut
1470 551 1588 619 alii
1625 549 1956 617 scribunt.
1999 549 2231 640 Atque
2273 551 2630 624 decretum
2671 564 2827 648 qui-

630 658 787 726 dem
830 656 917 725 ab
972 655 1339 745 omnibUS,
1403 653 1595 744 quod
1646 654 1851 721 sciam
1883 702 1906 743 ,
1970 652 2159 721 Ivoni
2216 654 2638 746 adscriptum
2703 680 2832 734 est.

631 759 969 831 Partibus
1030 774 1299 848 constat
1365 758 1821 848 septemdecim
1855 805 1878 844 ,
1928 777 2217 845 quarum
2269 761 2559 850 singulae
2599 764 2668 832 in
2707 789 2834 837 ca-

631 867 783 956 pita
833 865 1174 932 distinctae
1225 862 1503 931 diverso
1553 860 2060 950 aliquantulum
2118 860 2362 930 ordine
2414 869 2832 956 respondent

627 968 825 1037 libris
863 968 1120 1059 viginti
1150 965 1532 1034 Burchardi
1559 964 2110 1065 Wormatiensis.
2140 956 2243 1062 (ᾖ.
2281 958 2521 1064 LIII.)
2546 969 2640 1039 Et
2669 993 2827 1045 sunt

625 1092 803 1142 vero
844 1073 1031 1142 acuti
1069 1071 1351 1161 quidam
1394 1070 1567 1158 viri,
1621 1071 1742 1156 qui
1799 1067 2058 1154 ivonem
2100 1072 2328 1138 omnia
2371 1094 2456 1138 ex
2484 1071 2829 1148 Burclzar-
2935 1094 2952 1112 ·

622 1175 1021 1265 diqdecreto
1062 1175 1498 1265 descripsisse
1528 1170 2003 1259 contendunt,
2038 1190 2328 1262 excepta
2363 1194 2557 1264 parte
2598 1199 2831 1252 secun·

621 1279 713 1347 da
778 1295 850 1349 et
917 1294 1110 1348 sexta
1164 1277 1479 1366 decima,
1533 1279 1606 1346 in
1655 1299 1798 1366 qua
1850 1298 2003 1366 quae
2049 1297 2256 1363 sunt,
2323 1283 2828 1371 propemodum

625 1385 858 1452 omnia
923 1405 1008 1455 ex
1074 1380 1432 1450 Theodosii
1493 1399 1563 1450 et
1617 1377 2019 1477 Justiniani
2079 1379 2343 1451 Codice
2376 1458 2379 1464 Α
2409 1383 2823 1478 Regumque

621 1484 1054 1556 Francorum
1091 1483 1612 1576 Capitularibus
1654 1485 1981 1574 decerpta
2018 1501 2177 1554 sunt
2206 1534 2229 1575 ,
2266 1487 2595 1578 quodque
2634 1490 2823 1560 Bur-

616 1589 911 1658 chardus
972 1591 1321 1658 vitaverat
1363 1637 1387 1677 ,
1433 1590 1658 1677 inquit
1702 1587 2094 1678 ,Doujatius
2130 1638 2152 1676 ,
2201 1591 2393 1678 quasi
2450 1592 2660 1662 nullae
2708 1618 2825 1667 es-

619 1711 771 1761 sent
804 1695 872 1760 in
905 1691 1106 1763 rebus
1136 1691 1637 1760 Ecclesiasticis
1666 1687 2220 1761 Christianorum
2256 1693 2648 1787 Principum
2678 1722 2827 1790 par-

610 1796 928 1883 ‚tesmSed
971 1795 1392 1863 Panormiam
1421 1845 1443 1882 ,
1495 1816 1699 1885 quam
1762 1792 1984 1862 Guido
2035 1795 2469 1866 Panzirollus
2518 1791 2633 1896 (1)
2668 1804 2825 1871 Hu-

613 1902 786 1991 goni
836 1897 1222 1968 Cataulano
1262 1899 1566 1988 tribuit,
1621 1897 1809 1967 Ivoni
1862 1919 2056 1989 posse
2111 1915 2296 1967 recte
2350 1903 2824 1991 adscribine-

623 2019 796 2092 gant
838 2018 990 2093 post
1032 2002 1510 2072 Bellarminum
1549 2002 1800 2089 multi,
1840 2002 2092 2092 quibus
2132 2009 2508 2094 consentit,
2549 2024 2620 2076 et
2659 2011 2826 2080 Con·

629 2108 802 2175 tium
840 2109 910 2175 in
947 2108 1082 2175 alia
1112 2109 1338 2177 omnia
1379 2110 1657 2176 euntem
1686 2105 2131 2198 reprehendit
2162 2109 2655 2180 Mastrichtius
2673 2105 2823 2211 (2)

630 2207 859 2280 Causa
903 2208 1010 2280 his
1038 2227 1140 2281 est
1182 2214 1567 2303 praecipua,
1606 2212 1794 2302 quod
1838 2210 1966 2279 sub
2005 2211 2212 2280 finem
2249 2214 2389 2304 ejus
2428 2217 2664 2306 scripti
2699 2240 2826 2287 ex-

621 2331 804 2384 stent
845 2316 1177 2386 nonnulla
1219 2317 1717 2399 nonu-Callixti.
1745 2315 1837 2384 11.
1892 2332 2157 2385 tantum
2191 2367 2213 2405 ,
2274 2319 2393 2386 sed
2444 2323 2649 2389 etiam
2701 2322 2819 2390 In-

621 2421 910 2485 nocentii
979 2417 1457 2505 II.⁴decreta,
1502 2421 1623 2506 qui
1687 2419 1810 2485 diu
1866 2436 2034 2506 postv
2072 2421 2294 2511 lvonis
2346 2442 2632 2492 mortem
2686 2426 2825 2496 Ec-

629 2520 854 2587 clesiae
895 2517 1223 2586 Romanae
1262 2516 1706 2608 praefuerint..
1733 2517 2000 2587 Verum
2054 2521 2240 2607 istud
2296 2527 2576 2610 quidem
2628 2531 2821 2601 litem

618 2619 798 2691 hanc
841 2623 1116 2689 minime
1154 2620 1460 2690 conficit.
1501 2621 1748 2690 Monet
1790 2623 1971 2690 enim
2011 2621 2189 2691 Ant.
2230 2624 2663 2718 Augustinus
2702 2626 2819 2730 (3)

621 2748 704 2794 ea
745 2725 1025 2795 decreta
1066 2747 1270 2815 manu
1313 2726 1680 2813 recentiori
1722 2724 1988 2817 adjecta
2020 2724 2273 2817 fuisse.)
2313 2733 2428 2817 cui
2459 2732 2811 2825 conjectu-

623 2851 719 2899 rae
759 2845 1178 2907 momentum
1219 2851 1354 2897 non
1395 2829 1554 2899 leve
1607 2828 1772 2896 inde
1823 2829 2145 2920 accedit,
2196 2833 2383 2920 quod
2439 2835 2584 2904 duo
2635 2860 2814 2928 ope-
2921 2890 2942 2903 Χ

613 2934 707 3000 ris
746 2933 943 2998 istius
995 2933 1249 3022 scripta
1288 2931 1600 3023 exempla
1642 2927 1684 2999 a
1713 2956 1784 3001 se
1823 2934 2298 3004 visa.testetur
2336 2937 2810 3033 Mabillonius,

617 3036 688 3102 in
729 3033 978 3126 quibus
1019 3052 1086 3103 et
1129 3057 1374 3104 nomen
1421 3036 1645 3105 lvonis
1682 3038 2093 3127 inscriptum
2138 3035 2360 3110 fuerit
2388 3092 2410 3131 ,
2450 3061 2520 3113 et
2573 3045 2814 3114 decre-

622 3154 695 3207 ta
726 3139 1091 3208 Innocentii
1124 3137 1503 3211 abfuerint.
1533 3140 1766 3225 Quam
1802 3159 2028 3210 autem
2059 3143 2454 3214 Vincentius
2483 3148 2813 3219 Bellova-

613 3245 833 3312 censis
881 3266 1183 3312 summam
1223 3245 1635 3314 decretorum
1683 3246 1960 3336 Hugoni
2011 3247 2413 3339 adscripsit,
2466 3273 2613 3320 eam
2667 3276 2811 3323 esse

614 3367 787 3436 opus
827 3343 870 3414 ὲ
924 3347 1283 3417 Panormia
1333 3349 1687 3420 diversum
1739 3372 1826 3417 ex
1880 3371 1964 3418 eo
2012 3351 2284 3442 colligit
2348 3352 2806 3446 Augustinus,

613 3450 805 3537 quod
870 3451 1004 3547 sint
1071 3474 1271 3542 quam
1315 3454 1722 3541 paucissima
1770 3454 1841 3518 in
1881 3454 2130 3540 quibus
2195 3454 2339 3522 duo
2392 3454 2465 3520 hi
2504 3455 2804 3527 Codices

605 3553 1371 3642 conspirent-,plurima
1414 3556 1485 3621 in
1527 3553 1781 3644 quibus
1821 3555 2102 3624 distent.
2143 3554 2382 3643 Quare
2408 3557 2584 3625 nihil
2624 3583 2800 3651 opus

606 3669 708 3724 est
745 3653 1061 3723 Bohmeri
1113 3657 1506 3747 conjectura
1549 3659 2054 3750 existimantis,
2106 3659 2295 3729 Ivoni
2356 3658 2793 3735 Panormiam

683 3827 770 3902 (1)
863 3829 959 3887 De
992 3828 1133 3888 clar.
1167 3790 1290 3908 ieg.
1339 3831 1591 3906 interpr.
1651 3831 1751 3891 lib.
1791 3852 1846 3908 3.
1883 3845 2007 3908 cap.
2048 3853 2099 3898 1.

682 3908 779 3982 (α.)-
849 3908 917 3965 In
955 3907 1118 3968 Hist.
1152 3911 1296 3985 Jur.
1339 3912 1576 3975 Eccles.
1614 3930 1670 3971 n.
1719 3913 1859 3974 268.

683 3983 780 4069 (3)
861 3989 994 4085 Lib.
1034 4010 1090 4057 2.
1133 3992 1273 4054 dial.
1320 4006 1372 4068 ς.
