3275 4784
732 231 878 312 268
1469 245 1900 307 SEC'rlo
1979 251 2099 305 11.

689 403 833 448 rum
885 395 1043 448 tom.
1100 401 1175 466 4.
1211 375 1283 446 in
1311 370 1595 469 praefat.
1651 374 1829 457 Quae
1878 397 2054 466 pene
2095 375 2369 469 integra
2408 394 2496 444 ex
2536 370 2888 453 Salmonio

693 484 1039 576 descripta
1098 497 1231 553 est.

1530 684 1593 768 §-
1701 676 2052 753 ccxxv.

989 898 1373 973 Historia
1431 893 2098 992 Jurisprudentiae
2154 896 2594 974 litteraria.

857 1107 1170 1178 Historia
1200 1104 1777 1198 jurisprudentiae
1806 1104 2182 1193 litteraria,
2210 1105 2545 1175 librorum
2570 1106 2895 1205 primum,

701 1207 956 1280 deinde
990 1213 1327 1280 Actorum
1357 1210 1818 1302 juridicorum
1848 1211 2165 1279 notitiam
2192 1208 2701 1278 subministrat:
2731 1235 2894 1302 pos·

704 1328 926 1382 tremo
965 1316 1053 1385 de
1095 1317 1363 1405 origine
1393 1364 1414 1403 ,
1457 1335 1821 1405 progressu
1852 1364 1876 1399 .,
1926 1330 2074 1381 arte
2102 1362 2125 1402 ,
2176 1335 2255 1380 ac
2293 1314 2516 1382 veluti
2580 1315 2899 1387 aetatibus
2954 1332 2961 1343 “

704 1416 993 1507 singulis
1036 1417 1236 1508 hujus
1285 1420 1498 1507 ipsius
1551 1417 1935 1507 disciplinae
1986 1418 2295 1506 exponit.
2349 1417 2583 1506 Atque
2636 1440 2720 1486 ea
2759 1442 2896 1491 non

704 1520 797 1586 ad
838 1539 1153 1589 ornatum
1198 1522 1531 1588 doctrinae
1571 1537 1877 1607 tantum,
1917 1541 2160 1588 verum
2195 1520 2402 1587 etiam
2441 1519 2528 1588 ad
2558 1519 2704 1610 ejus
2733 1544 2898 1611 per-

705 1618 1079 1690 fectionem
1130 1626 1452 1712 pertinet.
1506 1623 1687 1688 Nam
1730 1639 1805 1689 ut
1848 1624 1919 1689 in
1959 1623 2155 1689 libris
2207 1621 2519 1691 delectus
2554 1623 2903 1695 adhiben—

707 1722 840 1791 dus
894 1742 995 1791 est
1027 1774 1049 1812 ‚
1098 1748 1181 1791 ne
1239 1725 1531 1790 indoctis
1585 1724 1970 1812 ineptisque
2023 1725 2337 1814 legendis
2376 1746 2587 1815 opera
2623 1743 2695 1795 et
2733 1744 2908 1797 tem-

709 1848 882 1918 pus,
920 1828 1108 1916 quod
1151 1825 1547 1893 melioribus
1586 1827 1891 1915 impendi
1933 1838 2248 1915 poterat,
2282 1828 2630 1896 inutiliter
2663 1852 2745 1898 ac
2780 1853 2902 1902 sae-

709 1950 800 2020 pe
839 1951 993 1996 cum
1040 1931 1308 2022 jactura
1372 1927 1566 1997 bonae
1623 1931 1867 1997 mentis
1930 1928 2359 2020 perdantur:
2411 1944 2491 1999 ut
2540 1951 2676 2000 non
2729 1933 2903 2005 utile

714 2046 983 2101 tantum
1013 2082 1037 2121 .,
1076 2053 1318 2102 verum
1355 2034 1562 2100 etiam
1605 2034 1898 2122 perutile
1939 2049 2042 2125 est
2081 2032 2239 2099 libri
2276 2082 2298 2121 ,
2353 2053 2558 2121 quem
2598 2035 2907 2107 lecturus

678 2156 841 2221 ,es‚
895 2136 1102 2204 hona·
1151 2133 1461 2226 m'alaqu'e
1503 2185 1527 2222 ‚
1590 2153 1941 2226 totamque
2006 2135 2245 2222 veluti⁴
2293 2132 2907 2209 conformationem

717 2235 977 2309 habere
1028 2244 1431 2331 cognitamz,
1471 2254 1550 2308 ut
1590 2238 1866 2307 demum
1907 2236 2285 2307 illustribus
2337 2247 2742 2328 magnorum
2796 2245 2905 2310 vi·

718 2351 970 2412 rorum'
1010 2347 1338 2434 exemplis
1406 2345 1646 2434 ingens
1708 2344 1925 2411 inesse
1977 2341 2152 2411 solet
2205 2341 2293 2410 ad
2357 2342 2588 2412 studia
2654 2345 2908 2415 incita·

717 2464 1075 2513 mentum:
1143 2449 1239 2512 ita
1306 2461 1506 2536 turpe
1562 2462 1717 2534 est,
1778 2447 1971 2536 cujus
2023 2447 2169 2535 ipse
2224 2467 2379 2536 pars
2432 2463 2583 2534 est,
2634 2446 2910 2538 Reipu-

718 2545 917 2615 blicae
961 2544 1350 2638 historiam,
1389 2550 1693 2638 artisque
1735 2569 1940 2639 quam
1992 2547 2335 2638 profiteris
2369 2600 2394 2639 ,
2458 2552 2908 2623 instrumenta

720 2651 1066 2741 ignorare.
1108 2650 1238 2717 Sed
1277 2670 1344 2719 et
1397 2673 1635 2740 sapere
1677 2654 1731 2719 si
1775 2652 1963 2721 voles
1991 2701 2018 2741 7
2064 2667 2326 2718 mature
2384 2652 2606 2721 discas
2634 2703 2658 2740 ‚
2695 2655 2911 2746 idque

697 2754 1037 2844 [periculo
1093 2771 1412 2840 non'tuo.
1467 2753 1659 2822 Cave
1711 2771 1943 2821 autem
1995 2752 2327 2820 librorum
2378 2756 2904 2848 Auctorumque

724 2856 1038 2922 notitiam
1082 2856 1356 2921 erudito
1398 2856 1679 2944 dignam
1731 2852 2006 2922 homine
2055 2873 2202 2922 eam
2243 2875 2385 2919 esse
2437 2871 2637 2942 putes
2667 2908 2689 2945 ,
2757 2867 2908 2950 quie

723 2957 1090 3025 titulorum
1119 3008 1141 3046 ,
1191 2979 1522 3026 annorum
1551 3008 1573 3046 ,
1622 2957 2059 3044 editionum.‚
2110 2956 2625 3049 formarumque
2689 2969 2905 3033 omnis

726 3062 996 3150 generis
1038 3063 1362 3131 memoria
1403 3062 1824 3129 continetur.
1850 3059 2122 3130 Etenim
2162 3060 2334 3130 hanc
2370 3086 2501 3154 ego
2537 3066 2904 3156 scientiam,

726 3165 1082 3233 Hommelii
1144 3165 1357 3237 verba
1419 3181 1630 3254 sunt,
1693 3164 1753 3231 si
1804 3179 2032 3233 cetera
2095 3165 2369 3255 desint,
2434 3169 2684 3235 vitiosa
2749 3194 2909 3239 nuce

726 3290 850 3337 non
898 3270 1183 3337 emerim.
1244 3271 1578 3338 Contenta
1631 3267 1946 3337 librorum
1999 3283 2271 3355 tenere,
2332 3289 2668 3356 eorumque
2729 3296 2911 3342 usum

728 3387 793 3437 et
845 3373 1308 3460 praestantiam
1349 3375 1521 3442 scire
1574 3370 1915 3439 debemus:
1964 3394 2166 3461 neque
2218 3372 2284 3439 in
2325 3369 2451 3439 hac
2488 3373 2633 3461 ipsa
2685 3397 2758 3441 re
2797 3378 2910 3443 ni-

731 3475 923 3540 mium
976 3478 1288 3565 temporis
1326 3477 1672 3544 collocare.
1714 3475 1796 3541 Si
1836 3478 1983 3564 quis
2024 3477 2195 3542 enim
2236 3497 2308 3541 re
2344 3476 2454 3540 vel
2504 3477 2754 3564 optima
2795 3478 2911 3547 ab·

708 3589 966 3650 *utatur
1000 3626 1019 3662 ‚
1062 3577 1239 3645 nullo
1279 3580 1457 3646 modo
1486 3577 1690 3668 probo
1721 3626 1742 3665 ,
1802 3600 2003 3666 neque
2055 3594 2242 3646 tenet
2277 3577 2336 3643 is
2387 3599 2649 3645 auream
2690 3597 2765 3647 et
2805 3599 2909 3650 to·

731 3676 864 3744 ties
906 3677 1241 3747 laudatam
1294 3680 1373 3748 ab
1418 3680 1796 3748 Aristotele
1837 3682 2380 3750 mediocritatem.
2423 3677 2611 3749 Unde
2637 3685 2911 3773 parcius

731 3779 1090 3848 laudandas
1141 3801 1307 3871 puto
1382 3787 1604 3852 edaces
1681 3784 1840 3851 illas
1907 3786 2045 3853 sine
2110 3784 2375 3875 ingenio
2403 3832 2426 3871 ,
2492 3799 2569 3853 nt
2634 3784 2909 3855 humano

728 3898 945 3954 tamen
1019 3886 1239 3979 capite
1312 3903 1561 3977 natas,
1621 3887 2010 3979 bipedesque
2086 3890 2304 3962 tineas
2341 3938 2365 3984 ,
2433 3911 2575 3981 quae
2637 3892 2797 3962 adeo
2841 3912 2907 3958 se
