3275 4784
1201 306 1580 375 carua-
1678 318 1863 372 111.
2461 297 2559 397 87

1244 540 1325 627 5.
1410 576 1415 583 ι
1468 535 1731 609 LXIV.

1148 748 1446 826 Partes
1502 747 1859 826 Decreti.

572 958 754 1027 Tres
793 971 952 1028 sunt
993 959 1221 1050 operis
1244 959 1461 1028 totius
1501 975 1726 1048 partes
1753 957 2137 1055 praecipuae.
2164 955 2423 1030 Earum
2452 959 2608 1034 Pri-

408 1064 525 1130 mii
565 1061 1129 1130 distinctionibus
1169 1077 1438 1131 constat
1475 1077 1751 1130 centum
1792 1077 1859 1131 et
1900 1083 2062 1129 una.
2104 1059 2457 1133 Prioribus
2486 1070 2604 1136 vi-

418 1165 606 1254 ginti
644 1165 794 1255 egit
829 1162 1201 1234 Gratianus
1242 1165 1330 1234 de
1382 1164 1697 1256 origine,
1746 1164 2202 1252 auctoritate,
2252 1168 2602 1261 variisque

418 1266 777 1355 'speciebus
817 1289 897 1337 ac
936 1266 1293 1359 principiis
1325 1267 1499 1358 juris
1536 1265 2046 1354 Ecclesiastici,
2074 1268 2294 1336 veluti
2322 1278 2609 1344 canoni-

424 1366 553 1438 bus
579 1370 1031 1440 conc1ltorum
1058 1362 1127 1468 (
1138 1362 1199 1467 ),
1226 1371 1523 1439 decretis
1549 1387 1619 1437 et
1662 1370 1971 1461 epistolis
2009 1316 2424 1441 1⁹>ontificum
2464 1364 2604 1475 (2),

423 1473 773 1540 sententiis
808 1491 1205 1544 sanctorum
1241 1472 1520 1541 Patrum
1549 1462 1688 1570 (3)
1714 1472 1795 1539 In
1835 1471 2120 1562 reliquis
2159 1477 2478 1564 exposuit
2508 1481 2598 1550 de

425 1571 723 1642 Clericis
736 1597 1109 1669 eorumque
1143 1577 1562 1662 statuvario,
1584 1575 1961 1667 drgnitate,
1994 1572 2460 1668 ordinatione,
2486 1576 2607 1653 ho·

346 1714 357 1721 =
426 1696 630 1768 nore,
668 1674 948 1747 officiis.
985 1680 1301 1767 Altera‚·
1338 1701 1489 1769 quae
1538 1692 1638 1747 est
1679 1677 1782 1748 de
1831 1677 2115 1770 judiciis
2161 1700 2240 1747 ac
2303 1687 2603 1773 negotiis

423 1775 559 1846 fori
597 1779 1101 1870 Ecclesiastici,
1137 1784 1445 1852 continet
1499 1802 1735 1849 causas
1769 1803 1893 1850 sex
1946 1796 2014 1848 et
2069 1781 2397 1872 triginta,
2445 1803 2602 1859 suas

422 1900 498 1948 ru
515 1903 663 1949 rsus
698 1884 771 1951 in
813 1887 1218 1975 quaestiones
1270 1856 1567 1971 divisas,
1613 1886 1688 1951 in
1743 1883 1992 1973 quibus
2035 1899 2299 1952 certam
2339 1909 2604 1982 propo-

424 1985 534 2051 siti
582 1980 752 2053 facti
792 1988 1370 2059 circumstantiam
1398 1987 1685 2083 discutit
1701 1985 2205 2073 ,adductisque
2231 1996 2603 2066 auctorita·
2639 2004 2648 2007 ’

428 2086 606 2156 tibus
642 2087 913 2159 firmare
960 2091 1235 2158 nititurae
1287 2064 1460 2157 Erat
1506 2103 1656 2155 tum
1708 2085 1855 2157 haec
1901 2083 2155 2154 scholae
2203 2091 2599 2179 methodus,

417 2186 550 2256 Sed
590 2190 1140 2261 animadversum
1176 2206 1282 2259 est
1296 2211 1531 2279 ‚saepe
1568 2188 1875 2258 levicula
1914 2190 2270 2258 occasione
2316 2215 2603 2299 arrepta

419 2280 822 2361 Gratianum
867 2297 1116 2362 relicto
1154 2308 1585 2383 argumento·
1597 2289 1687 2357 ad
1721 2274 1858 2358 alia
1883 2289 2280 2360 transiliisse
2301 2310 2460 2364 toto
2488 2322 2600 2391 ge-

422 2410 578 2463 nere
612 2395 937 2484 diversa,
969 2396 1167 2487 cujus
1203 2397 1305 2464 rei
1333 2392 1730 2483 exemplum
1757 2409 1870 2461 est
1909 2393 1980 2458 in
2022 2406 2225 2463 causa
2273 2401 2492 2472 tertia
2529 2423 2603 2478 et

420 2486 801 2587 tricesima,
820 2501 942 2566 cui
972 2515 1223 2588 praeter
1248 2516 1516 2566 omnem
1544 2497 1820 2564 lectoris
1845 2499 2430 2585 exspectationem
2446 2510 2608 2578 sub-c

410 2597 629 2689 jectus
661 2618 768 2671 est
805 2599 1167 2671 Tractatus
1202 2600 1288 2669 de
1313 2600 1719 2692 paenitentia
1770 2599 2000 2668 alieno
2051 2599 2172 2668 -ille
2225 2601 2379 2672 loco
2431 2614 2608 2697 qui..

414 2703 614 2799 dein,
667 2705 783 2774 sed
834 2707 954 2795 qui
1005 2722 1233 2774 tamen
1287 2703 1378 2771 ob
1428 2723 1579 2772 eam
1631 2722 1775 2770 rem
1828 2699 2231 2794 abjudicari
2261 2705 2606 2787 Gratiano

411 2794 691 2877 minime
730 2807 1027 2877 debebat
1067 2797 1205 2906 (4).
1245 2805 1485 2875 Tertia
1519 2827 1678 2897 pars
1716 2820 1819 2874 est
1859 2804 1947 2873 de
1986 2803 2189 2875 rebus
2225 2830 2307 2877 ac
2347 2814 2596 2891 ritibus
2661 2832 2666 2845 '

419 2910 661 2998 sacris,
689 2932 900 3000 quam
941 2911 1027 2978 de
1067 2911 1575 2980 consecratione
1609 2894 1984 3001 inscripsit.
2019 2907 2306 3007 Initium
2343 2911 2578 2990 facit
2552 2947 2594 2994 a

416 3014 964 3100 consecratione,
994 3037 1080 3082 ac
1121 3012 1412 3082 subinde
1455 3033 1575 3103 per
1613 3012 2089 3080 distinctiones
2117 3018 2427 3106 qui-nque
2465 3045 2596 3093 ex..

417 3113 635 3204 plicat
669 3136 791 3209 ea,
819 3138 981 3206 quae
1013 3118 1100 3186 ad
1140 3118 1493 3208 publicum
1533 3114 1671 3182 Dei
1720 3114 1984 3181 cultum
2047 3133 2382 3203 spectant.
2437 3123 2612 3196 Sin-'

418 3217 616 3307 gulas
654 3219 929 3287 demum
967 3235 1107 3288 tam
1141 3219 1676 3305 distinctiones,
1710 3236 1915 3306 quam
1961 3216 2375 3304 quaestiones
2427 3248 2594 3315 par..

418 3321 587 3391 titus
626 3336 726 3389 est
763 3323 837 3389 in
869 3344 1170 3391 canones
1208 3344 1325 3391 seu
1362 3321 1580 3390 mavis
1612 3266 1962 3440 c’apitula,
2000 3339 2293 3407 quorum
2345 3347 2593 3400 nume..

412 3442 529 3491 rus
572 3421 779 3507 facile
818 3425 973 3493 tria
992 3426 1205 3494 millia
1236 3437 1544 3515 superat.

510 3525 777 3596 Sci-101..
887 3527 1200 3618 Allegari
1240 3529 1412 3596 solet
1442 3524 1885 3597 Gratianus
1863 3541 2000 3614 ita
2030 3539 2113 3594 ut
2143 3526 2451 3621 indicato
2480 3540 2614 3617 vel*

419 3645 740 3720 numero,
774 3628 895 3700 vel
924 3631 1156 3750 primo
1206 3632 1486 3701 canonis
1536 3629 1959 3721 vocabulo,
1966 3630 2079 3702 vel
2130 3647 2467 3734 utroque,
2516 3648 2589 3715 in

495 3809 584 3888 (1)
662 3814 1094 3892 Dist.15.19.

496 3889 565 4046 ἕρ,
676 3893 979 3968 Dist.19.

674 3972 839 4030 Diu.
1202 3976 1209 3985 “
1640 3982 1652 3987 ’

492 3887 597 4132 (ιιξ
670 4047 817 4113 Via.
860 3991 973 4118 12Ιῖ
993 4052 1272 4131 Riegger
1308 4056 1412 4113 cit.
1457 4055 1690 4115 dissert.
1729 4057 1782 4133 5.
1818 4065 1914 4132 39.
1949 4068 2128 4132 seqq.
