3275 4784
594 239 737 293 212
1328 231 2003 287 s.EC.T1-0'‘11.':

546 361 889 431 cumenici
936 352 1221 451 perinde
1252 372 1519 446 ,atque
1551 354 1880 426 Ecclesiae
1938 354 2194 448 ipsius,
2246 352 2450 447 quain
2494 364 2752 451 reprae'af

544 474 815 552 sen‘tat,
848 465 1233 556 judicium,
1273 461 1451 543 nihil
1522 478 1773 550 restat,
1816 464 1948 530 nisi
2013 480 2090 531 ut
2145 460 2509 531 adsensum
2576 466 2757 557 illis,

545 586 757 660 atque
796 570 1199 687 obsequium
1242 583 1641 655 praestemus
1696 582 2041 656 tamquam
2074 565 2371 656 legibus
2424 567 2577 637 n‘on
2607 590 2757 639 mo·-

548 674 696 757 vis,
734 671 854 741 sed
896 671 985 739 ad
1025 673 1177 761 ipso
1218 671 1365 739 Deo
1398 674 1741 760 scriptura
1779 673 1895 742 vel
1937 670 2312 741 traditione
2353 673 2758 808 promulga-

548 777 638 846 tis
669 774 1001 866 Opstraet
1032 777 1155 844 loc.
1196 776 1316 843 cit.
1357 780 1417 861 ξ.
1461 800 1522 844 1.
1566 799 1747 866 seqq.
2069 832 2077 837 .
2634 827 2641 833 ,
2700 829 2747 839 ..

567 939 575 965 ζ
658 877 854 949 Con.
897 880 955 947 Ι.
1062 878 1393 947 Ceterum
1480 881 1852 969 dogmata,
1860 877 2383 968 definit-iones,
2451 900 2754 964 censurae

551 981 996 1069 Synodorum
1034 1005 1165 1051 non
1212 1002 1367 1052 sunt
1422 984 1724 1075 ejusdem
1765 984 2030 1070 classis,
2083 1007 2207 1052 nec
2267 988 2651 1053 acervatim*
2683 988 2756 1055 in

550 1107 694 1155 uno
739 1088 898 1154 fidei
943 1088 1195 1154 divinae
1234 1088 1514 1156 cumulo
1569 1089 1905 1178 ponendae
1933 1138 1956 1173 ,
1998 1105 2075 1156 ut
2103 1090 2199 1155 ait
2244 1088 2512 1156 Auctor
2541 1090 2750 1178 prin-

555 1192 797 1282 cipior.
827 1192 968 1280 jur.
1004 1191 1253 1281 public.
1288 1190 1544 1259 Eccles.
1608 1211 1756 1281 cap.
1814 1187 1882 1258 6.
1938 1195 1996 1276 §.
2068 1214 2193 1279 41.
2245 1193 2404 1259 Alia
2458 1212 2754 1283 namque

566 1317 631 1362 1.
677 1299 938 1385 inquit,
978 1294 1404 1362 definiuntur
1445 1312 1519 1361 ut
1586 1296 1966 1387 dogmatica
2024 1287 2192 1378 fidei
2264 1296 2547 1363 dzvinae.
2614 1298 2755 1367 alia

556 1400 751 1466 velut
788 1399 1071 1466 conclusi
1077 1421 1224 1466 ones
1265 1396 1728 1488 Theologicae:
1793 1402 1926 1466 alia
1968 1399 2345 1465 laudantur
2391 1400 2530 1489 pice
2579 1401 2765 1467 salu-

559 1518 872 1591 taresque
937 1504 1455 1570 consuetudines.
1514 1524 1580 1570 2.
1625 1503 1984 1571 Nonnulla
2054 1503 2327 1590 placent'
2380 1519 2465 1569 ut
2506 1501 2770 1593 pro‘ba-

558 1604 841 1672 biliora:
883 1608 1096 1672 multa
1139 1607 1373 1673 studio
1417 1604 1901 1693 relinquuntur
1967 1597 2360 1694 indefinita.)
2413 1610 2535 1674 aut
2596 1607 2766 1675 tali·-

560 1707 689 1774 bus
736 1711 1186 1774 involvuntur
1226 1708 1571 1790 terminiS,
1627 1725 1703 1774 ut
1759 1724 2004 1776 neutra
2060 1729 2212 1797 pars
2279 1709 2762 1779 altercantium

564 1809 1090 1901 Theologorum
1133 1815 1462 1899 conqueri
1506 1812 1742 1899 possit.
1807 1833 1870 1898 3.
1925 1811 2174 1901 Neque
2232 1815 2531 1881 rationes
2584 1814 2770 1882 deci-

566 1915 780 1982 dendi
806 1966 827 2003 ,
856 1935 1022 2005 quas
1056 1914 1367 2004 allegant
1408 1912 1763 2004 Concilia,
1801 1914 2111 2005 ejusdem
2133 1922 2364 1983 omnes
2417 1917 2574 1984 'sunt
2602 1939 2771 2007 pon·

570 2016 794 2085 deris:
827 2020 1201 2087 miscentur
1229 2017 1931 2088 demonstrationibus
1962 2017 2370 2108 argumenta
2398 2041 2579 2087 mere
2612 2041 2770 2110 pro·-

571 2123 834 2191 habilia
877 2141 946 2191 et
989 2124 1451 2192 verosimilia:
1493 2122 1846 2190 interdum
1887 2124 2157 2191 sinistre
2189 2125 2576 2213 applicatur
2615 2147 2770 2191 auc-

573 2228 819 2296 toritas
863 2226 1180 2296 Patrum:
1220 2227 1565 2295 interdum
1611 2228 1986 2317 adoptatur
2024 2250 2107 2294 ex
2146 2225 2584 2317 philosophia
2629 2229 2770 2317 opi·

571 2332 689 2399 nio
721 2335 941 2398 minus
985 2332 1201 2398 firma.
1240 2327 1458 2400 Conf.
1498 2330 1828 2417 Opstra‘e't
1869 2332 1991 2398 loc.
2034 2329 2158 2398 cit.
2215 2350 2387 2422 pag.
2445 2354 2527 2398 m.
2601 2352 2771 2418 204.

579 2460 652 2519 4.
684 2435 917 2515 Quum
960 2434 1307 2522 allegatur
1348 2434 1959 2521 Scripturaetextus
2014 2430 2055 2496 a
2097 2430 2454 2518 Concilio,
2497 2455 2630 2501 non
2673 2450 2774 2502 est

581 2535 771 2603 illico
802 2537 886 2601 de
929 2534 1107 2620 fide,
1146 2534 1338 2601 illum
1380 2538 1497 2601 sic
1563 2552 1630 2602 et
1669 2557 1805 2602 non
1871 2536 2073 2601 aliter
2123 2535 2377 2602 debere
2450 2537 2778 2627 intelligi.

573 2661 650 2729 ες,
693 2639 869 2723 Quae
924 2637 1151 2705 obiter
1185 2633 1230 2704 a
1294 2635 1611 2708 Concilio
1663 2640 1865 2707 aliter
1928 2636 2355 2709 deliberante
2415 2641 2777 2711 occasione

581 2746 909 2811 sermonis
955 2743 1451 2828 immiscentur,
1491 2762 1627 2809 non
1696 2758 1853 2810 sunt
1905 2739 2383 2830 definitiones,
2424 2742 2553 2808 nisi
2607 2729 2777 2811 alibi

575 2846 1047 2914 conciliariter
1088 2844 1523 2911 decidantur.
1570 2846 1734 2910 Haec
1776 2846 1916 2910 ille.

679 2945 1001 3016 (ἔοι-ΙΙ».
1043 3001 1046 3006 .
1110 2946 1347 3031 Quum
1393 2947 1773 3015 Ecclesiam
1815 2947 2105 3014 dicimus
2168 2943 2321 3015 falli
2391 2954 2529 3018 non
2580 2972 2774 3040 posse

576 3052 654 3119 in
686 3050 1151 3142 quaestionibus
1195 3051 1415 3142 juris,
1457 3051 1521 3118 id
1571 3073 1705 3119 non
1748 3052 1836 3120 de
1899 3051 2260 3141 quibusvis
2327 3054 2501 3143 juris
2563 3074 2784 3141 quaes-

575 3156 928 3242 tionibuS,
972 3156 1093 3223 sed
1136 3156 1223 3224 de
1263 3158 1759 3245 quaestionibus
1796 3157 1968 3247 juris
2009 3154 2233 3222 divini
2299 3155 2625 3240 revelati,
2664 3171 2781 3222 at-

576 3261 840 3351 que³in
872 3262 1210 3349 scriptura
1252 3261 1365 3329 vel
1408 3260 1782 3328 traditione
1818 3256 2292 3348 comprehensi
2359 3263 2483 3347 'par
2524 3275 2622 3324 est
2666 3260 2780 3324 in·-

580 3366 833 3453 telligi.
874 3362 1082 3431 Unde
1124 3386 1286 3432 vere
1331 3363 1794 3431 pallavicinus
1835 3364 1904 3432 in
1943 3363 2134 3430 Hist.
2172 3361 2369 3429 Cone.
2410 3360 2624 3426 Trid..
2657 3360 2781 3428 lib.

584 3487 658 3555 7.
700 3485 845 3554 cap.
886 3491 999 3553 14.
1041 3490 1106 3533 n.
1158 3489 1224 3533 2.
1266 3468 1338 3532 In
1378 3468 1540 3532 aliis
1567 3466 1799 3551 rebus,
1839 3468 2104 3555 inquit,
2146 3471 2317 3553 yuae,
2347 3464 2460 3530 vel
2508 3466 2783 3531 aaefrem

573 3575 881 3661 gestam,
921 3570 1032 3635 vel
1060 3571 1147 3634 ad
1159 3593 1163 3598 ·
1173 3569 1286 3659 jus
1332 3567 1671 3637 humanum
1694 3571 2087 3660 pertinent,
2115 3570 2375 3656 quinam
2418 3584 2565 3634 sunt
2596 3568 2778 3634 inter

575 3693 880 3742 canonum
904 3673 1350 3765 interpretes,
1376 3691 1695 3766 negantes
1723 3675 1940 3745 errori
1975 3662 2367 3757 Pontificem
2414 3669 2778 3763 subjacere.
