3275 4784
676 219 858 321 240'
1408 244 1848 301 sac-rto.
1924 245 2036 300 11.

613 371 786 454 'dum
823 385 966 459 est,
1000 363 1671 463 juvat'eumpaucis
1711 368 2164 462 quibusdam,
2203 370 2461 463 iisque,
2500 374 2630 445 nisi
2661 377 2811 450 val.

613 477 706 550 de
758 472 965 552 fallar
988 524 1015 572 ,
1049 472 1327 551 minime
1363 475 1830 549 controversis
1871 474 2131 569 regulis
2171 475 2758 551 circumscribere.
2810 515 2818 530 ›

1487 702 1552 787 §.
1676 695 1964 773 CXCV.

1305 892 1699 1056 Regula
1718 897 2023 1003 ¹prima.
2078 951 2083 954 -
2180 947 2186 954 ·

759 1102 989 1174 Prima
1037 1098 1186 1173 haee
1239 1118 1443 1180 esto·
1484 1103 1556 1172 In
1591 1104 1810 1175 causis
1878 1124 2053 1174 mere
2105 1103 2576 1195 spiritualibus
2634 1064 2799 1177 solis

606 1210 858 1278 utimur
897 1209 1161 1301 regulis
1199 1202 1559 1278 Ecclesim
1602 1210 1816 1300 idque
1855 1206 2145 1277 facimus
2185 1210 2598 1277 auctoritate
2637 1209 2800 1279 Ma-

590 1310 874 1404 jorum‚
925 1331 1099 1403 quos
1150 1314 1587 1403 exploratum
1638 1329 1742 1382 est
1773 1361 1797 1401 ,
1861 1334 1945 1381 ea
2010 1332 2273 1403 semper
2329 1313 2403 1380 in
2453 1314 2793 1385 sententia

592 1413 809 1492 fuisse
835 1464 861 1505 ‚
911 1432 992 1486 ut
1026 1416 1394 1486 crederent*
1417 1465 1441 1507 ‚
1476 1436 1824 1487 sacrarum
1863 1436 2089 1485 rerum
2127 1415 2789 1487 administrationem

597 1535 739 1588 non
793 1520 1264 1609 Imperatori,
1329 1517 1468 1590 sediv
1516 1520 1844 1589 Ecclesiae
1910 1518 2305 1587 Pastoribus
2344 1515 2387 1587 ὲ
2420 1518 2793 1591 Servatore

596 1620 1363 1698 concreditamefuisse.
1387 1621 1544 1690 Tibi
1579 1624 1767 1690 Deus
1805 1621 2147 1711 imperium
2186 1622 2550 1708 commisit,
2588 1623 2792 1693 dice-

595 1724 715 1793 bat
755 1723 1447 1814 Imperatori-Hosius
1482 1720 1994 1812 Cordubensis,
2031 1724 2259 1813 nobis,
2296 1747 2441 1813 quae
2480 1743 2627 1794 sunt
2658 1726 2796 1795 Ec-

591 1827 815 1895 clesiae
855 1827 1339 1896 concredidit...
1377 1849 1581 1919 neque
1608 1822 1875 1913 fases't
1925 1825 2111 1895 nobis
2165 1828 2508 1919 imperium
2546 1845 2797 1921 tenere,

590 1950 793 2021 neque
843 1928 943 1998 Tu
1006 1928 1560 2023 thymiamatum,
1583 1947 1670 2000 et
1732 1952 2064 2001 sacrorum
2107 1945 2514 2022 potestatem
2553 1929 2788 2020 haben

592 2033 963 2123 Imperator
1013 1980 1918 2189 (1).Alior.um1'ptaeterea
1957 2036 2352 2107 testimonia
2386 2055 2517 2105 suo
2561 2035 2715 2107 loco
2751 2034 2794 2106 ἃ

592 2138 822 2208 nobis
845 2137 1214 2231 producta.
1278 2168 1285 2188 ν
1389 2163 1396 2178 ‘
1485 2160 1494 2164 ·
2044 2189 2055 2200 .
2458 2167 2463 2172 ·
2782 2167 2787 2174 ·

664 2239 885 2313 Gon.
923 2243 983 2313 I.
1093 2244 1206 2313 Ex
1244 2240 1388 2313 hac
1420 2245 1667 2335 regula
1706 2241 1842 2314 hoc
1876 2242 1959 2314 fit
2006 2245 2305 2335 primum
2338 2262 2791 2334 consequens,¹

586 2362 667 2419 ut
706 2341 882 2438 quasr
914 2348 1003 2416 de
1043 2346 1152 2415 his
1190 2345 1420 2415 rebus
1431 2351 1866 2436 pertulerunt
1903 2348 2093 2438 leges
2133 2348 2361 2417 saeculi
2401 2347 2782 2437 PrincipeS,

587 2450 727 2519 illae
765 2453 905 2519 vim
932 2449 1288 2537 obligandi
1320 2470 1454 2516 non
1484 2448 1823 2539 habeant,
1849 2452 1978 2515 nisi
2008 2451 2095 2517 ab
2127 2449 2442 2519 Ecclesia
2481 2450 2790 2540 probatae

590 2548 1263 2641 receptaeque..Vid.
1293 2551 1392 2619 ·de
1433 2550 1678 2620 Marca
1717 2552 1787 2621 in
1813 2552 2086 2643 proleg.
2116 2570 2307 2644 pag-
2335 2573 2456 2643 59.
2484 2574 2621 2643 seq.

688 2651 882 2724 Con.
922 2654 1018 2723 II.
1125 2652 1403 2743 Ecquid
1455 2649 1687 2723 'autem
1710 2702 1741 2742 θ
1777 2656 1834 2721 si
1871 2657 2112 2721 summi
2156 2655 2504 2744 Principes
2534 2658 2624 2722 de
2654 2654 2792 2724 hoc

588 2760 801 2831 etiam
838 2776 1071 2827 rerum
1112 2777 1363 2847 genere
1406 2758 1596 2845 leges
1634 2756 2076 2845 promulgent
2107 2804 2131 2843 ,
2178 2778 2315 2823 non
2369 2772 2448 2825 ut
2487 2757 2617 2844 ipsi
2660 2778 2789 2846 per

583 2885 727 2930 sese
767 2860 1123 2950 quidpiam
1162 2845 1758 2945 decernant-,aseer
1808 2871 1888 2925 ut
1931 2857 2218 2948 jjudicia
2283 2857 2611 2927 Ecclesiae
2658 2861 2787 2929 de-

585 2980 913 3054 cretaque
953 2966 1262 3031 muniant
1292 3013 1316 3053 ‚
1352 2961 1967 3050 executionemque
2022 2978 2476 3051 promoveant
2506 3012 2529 3050 ‚
2567 2985 2653 3031 an
2694 2966 2787 3030 si-

581 3068 852 3137 milium
890 3069 1096 3136 etiam
1122 3058 1554 3158 ‘lagani-:vim
1589 3064 1865 3134 nullam·-
1888 3079 2036 3133 esse·
2072 3064 2522 3155 putabimus?
2559 3067 2781 3134 Mini-

585 3192 695 3242 me
734 3192 928 3240 v.ero
968 3171 1152 3240 Nam
1193 3169 1417 3240 isthoc
1454 3170 1621 3239 dum
1664 3190 1862 3261 reges
1904 3184 2162 3259 agunt,
2203 3171 2444 3258 utique
2473 3190 2598 3236 suo
2626 3168 2788 3257 jure

583 3291 920 3364 utuntur,
946 3278 1060 3343 cui
1091 3269 1329 3366 parere
1357 3295 1478 3344 nos
1507 3273 1729 3365 plane
1753 3293 2023 3343 necesse
2062 3288 2191 3343 est.
2210 3268 2431 3342 Conf.
2460 3272 2563 3339 de
2575 3270 2786 3404 Mar-

582 3401 664 3449 ea
705 3381 828 3447 loc.
868 3382 991 3447 cit.
1020 3398 1202 3469 pag.
1221 3376 1360 3447 61.
1992 3405 1997 3408 ⁷
2760 3403 2768 3413 ··

609 3531 612 3536 -
696 3482 974 3551 Senot..
1009 3481 1293 3571 Atque
1342 3480 1485 3550 haec
1541 3481 1835 3571 quidem
1874 3482 2046 3549 satis
2098 3495 2285 3549 certa
2347 3494 2530 3547 sunt.
2592 3437 2782 3547 Illud

583 3602 722 3654 non
749 3603 940 3673 aeque
971 3579 1229 3674 liquet,
1255 3607 1407 3677 quae
1436 3587 1708 3672 nomine
1748 3583 1920 3653 me'r'e
1957 3583 2416 3674 spiritualium
2441 3579 2784 3650 censenda

589 3690 751 3757 sint.
793 3685 1133 3778 Dogmata
1170 3688 1503 3779 quidem3
1543 3705 1610 3756 et
1663 3688 2097 3756 Sacramenta
2129 3736 2151 3772 .,
2203 3684 2418 3768 ethis
2470 3685 2784 3775 adjuncti

586 3792 765 3862 ritus
814 3788 946 3860 hoc
995 3788 1287 3862 nomine
1350 3793 1821 3861 continentur.
1874 3792 1972 3860 At
2022 3790 2257 3858 multis
2297 3787 2788 3859 Ecclesiastico

606 4034 616 4042 ·
674 4014 797 4101 (ἢ)
850 4016 983 4094 Ἀρ.
1017 3994 1440 4078 „Athanasium
1484 4018 1543 4073 in
1585 4017 1758 4091 epist.
1797 4017 1876 4071 ad
1924 4016 2082 4075 solit.
2139 4002 2503 4093 «iiti'agant.
2540 4037 2572 4058 -·
