3275 4784
688 281 824 355 142
1453 278 1838 332 sssc‘rro
1946 281 1998 332 1.

616 403 1189 495 wirceburgensi
1259 401 1659 472 Barthelius
1688 452 1711 491 ,
1774 401 1861 472 de
1926 402 2079 471 aliis
2146 398 2263 470 alii
2330 405 2565 474 testati
2633 423 2814 477 sunt.

621 510 893 578 Auctor
946 513 1166 603 princ.
1196 506 1339 598 jur.
1372 508 1561 599 pabl.
1599 508 1864 576 Eccles.
1915 526 2059 598 cap.
2114 527 2226 574 12.
2267 509 2326 592 §.
2384 529 2499 576 10.

718 611 975 682 Senot..
1081 609 1294 679 Conf.
1338 611 1620 680 Barthel
1661 612 1781 679 cit.
1824 611 1984 678 diss.
2023 628 2166 700 cap.
2228 632 2294 676 2.
2336 627 2497 678 sect.
2548 635 2609 680 1.
2652 614 2806 684 Ita-

609 737 742 805 que
783 718 926 785 duo
974 718 1365 785 desiderant
1396 766 1416 803 ‚
1457 733 1532 784 ut
1574 712 2015 784 Concordata
2057 715 2406 805 obligent:
2448 737 2690 807 nempe
2729 721 2803 789 in

610 817 982 887 Germania
1024 823 1221 888 sitam
1269 841 1412 888 esse
1453 819 1833 888 Ecclesiam
1874 834 2202 908 oportet,
2253 835 2325 887 et
2366 838 2613 887 nexum
2668 818 2802 889 ha-

605 919 766 992 bere
808 924 1274 993 clientelarem
1313 944 1466 991 cum
1498 924 1822 1012 Imperio.
1850 918 2056 991 Unde
2086 921 2414 991 Ecclesiae
2451 923 2521 990 in
2552 923 2800 1015 Belgio

597 1028 746 1093 sitae
799 1050 886 1094 ex
938 1025 1228 1096 defectu·
1277 1048 1493 1095 nexus
1544 1024 1894 1113 feudalis,
1955 1042 2029 1095 et
2079 1026 2423 1094 nonnullae
2475 1027 2544 1094 in
2595 1026 2800 1100 Italia

593 1130 682 1196 ab
718 1131 1020 1219 Imperio
1059 1133 1468 1222 pendentes,
1504 1130 1695 1220 quod
1724 1150 1870 1197 non
1890 1129 2023 1197 sint
2056 1130 2124 1196 in
2156 1128 2570 1216 Germania,
2608 1127 2800 1201 Con-

593 1234 896 1302 cordatis
920 1252 1070 1302 ‘non
1111 1236 1570 1323 stringuntur.
1600 1229 1931 1302 Ceterum
1957 1249 2123 1303 sunt·
2144 1250 2415 1319 tamen,
2445 1233 2514 1299 in
2542 1234 2793 1322 quibus

590 1336 905 1406 obtinent
947 1361 1067 1428 per
1106 1339 1548 1406 extensionem
1576 1387 1598 1424 ,
1633 1355 1714 1406 ut
1767 1338 1957 1426 ajunt
1987 1385 2010 1424 ,
2065 1336 2152 1404 de
2207 1335 2459 1426 quibus
2510 1335 2791 1409 Schloer

590 1445 715 1510 cit.
756 1443 1029 1510 dissert.
1068 1461 1212 1533 cap.
1265 1465 1327 1509 1.
1369 1444 1429 1526 §.
1470 1463 1540 1527 7.
1584 1460 1658 1531 9.
1702 1441 2131 1529 Augustanae
2184 1436 2604 1510 confessioni
2657 1443 2792 1510 ad-

591 1546 762 1616 dicti
792 1562 1045 1634 statuS,
1085 1564 1161 1613 ut
1200 1561 1271 1615 et
1296 1543 1685 1614 Reformati
1716 1542 1757 1611 a
1786 1541 2386 1611 Concordat‘orum
2410 1542 2794 1634 ‘obligatio-

591 1671 677 1717 ne
719 1649 1051 1715 immunes
1093 1649 1423 1715 declarati
1465 1664 1621 1714 sunt
1675 1647 1745 1713 in
1789 1647 1999 1713 Instr.
2040 1645 2208 1713 Pac.
2264 1664 2403 1716 art.
2451 1669 2516 1733 5.
2559 1651 2618 1733 §.
2671 1673 2788 1737 15.

591 1771 665 1820 et
702 1767 840 1818 ort.
890 1772 1004 1836 17.
1047 1754 1107 1835 ξ.
1158 1773 1221 1837 3.
1259 1752 1509 1840 junctis
1550 1764 1689 1823 art.
1738 1772 1802 1834 5.
1847 1752 1907 1835 §.
1944 1769 2064 1818 20.
2092 1764 2162 1816 et
2206 1746 2326 1817 26.
2363 1746 2577 1818 Conf.
2608 1751 2788 1822 Auc-

591 1872 701 1925 tor
733 1854 952 1940 princ.
985 1853 1127 1942 jur.
1162 1855 1348 1945 publ.
1390 1849 1648 1921 Eccles.
1691 1871 1839 1943 cap.
1907 1875 2020 1921 12.
2062 1856 2123 1938 §.
2178 1876 2203 1919 1
2231 1877 2291 1920 1.
2331 1869 2401 1920 et
2454 1874 2566 1923 12.
2615 1855 2787 1924 Bar-

585 1959 735 2027 thel
776 1957 1051 2024 dissert.
1102 1977 1274 2046 spec.
1316 1958 1394 2024 de
1433 1957 1754 2026 Concord.
1811 1972 1973 2024 sect.
2025 1978 2089 2043 3.
2130 1974 2277 2045 cap.
2324 1979 2392 2024 2.
2447 1958 2514 2041 §.'
2547 1959 2674 2025 ult.
2715 1973 2788 2028 et

588 2059 885 2157 Gallade
942 2063 1215 2129 dissert.
1270 2063 1346 2129 de
1404 2085 1523 2128 usu
1561 2060 2118 2131 Concordatorum
2171 2060 2349 2154 apud
2394 2059 2783 2134 Catholicos

585 2183 654 2234 et
698 2163 1174 2236 Protestantes
1212 2166 1280 2234 in
1323 2166 1632 2258 Imperio.

1516 2390 1578 2471 §.
1692 2386 1906 2457 CXI.-

837 2580 1168 2655 Proinde
1214 2604 1344 2656 non
1387 2595 1650 2677 potest
1700 2586 1806 2657 iis
1863 2582 2087 2679 Papa
2139 2583 2540 2682 derogare.

742 2782 1090 2868 Quoniam
1142 2781 1589 2854 Concordata
1657 2782 2048 2853 Germaniae
2100 2786 2309 2854 etiam
2374 2783 2781 2854 Pontificem

580 2910 701 2981 per
755 2886 1033 2956 modum
1075 2889 1257 2976 pacti
1310 2910 1432 2956 seu
1472 2889 1950 2955 transactionis
2003 2886 2355 2978 obligant,
2409 2878 2514 2984 (§.
2559 2880 2780 2985 CIX.)

575 2992 737 3061 ficta
766 3008 867 3058 est
895 3006 964 3059 et
993 2987 1035 3058 a
1064 2990 1331 3061 ratione
1358 2992 1583 3060 aliena
1613 2991 1979 3082 derogandi
2008 3008 2306 3082 potestas
2324 3037 2348 3078 ‚
2374 3012 2577 3080 quam
2605 3012 2780 3060 sum·

585 3117 710 3165 mae
748 3095 893 3163 sedi
934 3095 1251 3162 tribuunt
1290 3096 1658 3185 scriptores
1713 3093 2009 3162 Romani
2048 3117 2135 3163 ex
2172 3093 2609 3184 plenitudine
2649 3114 2777 3161 ne-

584 3201 730 3269 scio
754 3221 889 3289 qua
919 3197 1342 3290 Apostolicae
1379 3195 1840 3267 auctoritatis.
1871 3197 2100 3282 Quam
2129 3199 2312 3266 enim
2342 3215 2419 3266 tu
2448 3196 2615 3265 mihi
2645 3194 2776 3263 fin-

584 3307 690 3393 gis
728 3306 1086 3394 potestatis
1126 3302 1670 3393 plenitudinem,
1721 3323 1875 3390 quae
1916 3303 2098 3370 intra
2152 3301 2328 3391 aequi
2369 3322 2448 3369 ac
2477 3299 2640 3391 Justi
2679 3299 2775 3366 li-

581 3410 778 3474 mites
818 3429 886 3474 se
927 3406 1307 3496 constringi
1348 3426 1483 3473 non
1524 3403 1833 3495 patitur?
1875 3404 2023 3474 Aut
2050 3424 2188 3472 non
2228 3419 2329 3471 est
2370 3399 2775 3472 fundamen-

579 3524 728 3574 tum
750 3509 1031 3595 justitiae
1061 3507 1276 3597 fides,
1300 3508 1374 3575 id
1405 3523 1545 3594 est,
1572 3506 1919 3575 dictorum
1948 3523 2587 3594 conventorumque
2614 3510 2774 3573 con·

571 3614 822 3690 stantia
875 3622 943 3675 et
984 3609 1286 3681 veritas?
1339 3610 1638 3678 Clemens
1696 3608 1878 3677 VIII.
1920 3610 2064 3676 Nos
2115 3610 2589 3692 attendentes,
2647 3607 2767 3673 in·-

580 3713 772 3802 quit,
809 3711 1223 3779 Concor-data
1250 3712 1583 3803 praedicta
1621 3715 1759 3781 vim
1785 3715 1982 3802 pacti
2019 3714 2200 3779 inter
2222 3725 2458 3800 partes
2497 3706 2769 3798 habere,

580 3835 647 3885 et
691 3839 832 3906 quae
871 3836 959 3882 ex
1002 3830 1204 3904 pacto
1234 3831 1581 3903 constant,
1619 3816 1860 3905 absque
1891 3815 2190 3906 portium
2230 3834 2534 3881 consensu
2573 3811 2770 3880 abro-

573 3923 739 4013 gari
789 3941 912 3989 non
976 3919 1384 3991 consuevisse
1411 3968 1434 4011 ,
1481 3941 1681 4009 neque
1723 3919 1986 3991 debere.
2025 3915 2124 3990 Ut
2176 3918 2347 4011 quid
2397 3919 2620 4011 igitur
2658 3916 2769 3984 A-
