3275 4784
655 274 810 351 260-
1397 288 1812 344 sEc‘r1o
1910 289 2026 344 11.

600 436 925 514 quartum
965 409 1265 484 Concilii
1310 413 1707 495 Mileyitani
1746 436 1896 484 ann.
1928 407 2106 502 416.
2146 413 2477 484 celebrati
2511 416 2581 487 in
2630 416 2821 500 duas-

602 544 830 618 partes
870 521 1272 589 distractum
1314 520 1547 586 retulit
1604 541 1783 585 caus.
1831 541 1898 586 2.
1938 533 2173 608 quaest.
2225 514 2296 588 6.
2335 541 2479 588 can.
2522 544 2638 614 19.
2693 548 2809 613 33.

606 655 688 700 ea
729 627 1172 697 distractione
1218 645 1353 692 non
1396 622 1601 691 modo
1645 622 2012 690 obscurum
2056 622 2363 692 reddidit
2394 647 2668 694 sensum
2695 649 2812 697 ca-

610 736 860 818 noni5.‚
925 748 1164 796 verum
1231 723 1418 793 falsae
1474 730 1679 793 etiam
1731 727 2318 817 interpretationis
2372 731 2808 800 occasionem

611 835 953 929 praebuit,
1005 850 1080 900 ut
1138 829 1378 899 docuit
1434 828 1666 918 Espen
1719 830 1842 896 cit.
1895 844 2104 899 tract.
2149 845 2340 920 part.
2401 853 2471 900 2.
2523 852 2667 923 cap.
2750 856 2818 921 3.

605 946 666 1027 §.
719 961 831 1006 10.
870 954 939 1005 et
981 929 1235 1003 de'inde
1290 932 1635 1001 Berardus
1691 948 1847 1000 tom.
1914 957 1976 1002 1.
2016 954 2187 1026 pag.
2249 955 2430 1021 217.
2497 935 2823 1007 Similiter

608 1040 1068 1128 Rayrnundus
1120 1039 1284 1106 dum
1338 1055 1481 1127 cap.
1529 1059 1593 1122 5.
1649 1037 1726 1102 de
1752 1032 1901 1119 for.
1955 1054 2230 1127 compet.
2286 1040 2511 1106 tertiae
2553 1043 2824 1130 compi·

614 1148 887 1216 lationis
931 1146 1000 1211 in
1038 1161 1173 1211 tres
1214 1158 1436 1231 partes
1479 1140 1841 1226 distraxit,
1878 1161 2146 1209 sensum
2205 1143 2306 1209 ita
2347 1142 2704 1231 turbavit,
2744 1159 2825 1213 ut

613 1254 739 1318 nisi
782 1248 1173 1337 compositis
1218 1266 1446 1312 rursus
1503 1243 1852 1333 partibus,
1894 1246 2045 1313 erui
2084 1244 2283 1315 nullo
2327 1244 2538 1315 modo
2581 1249 2826 1337 possit.

617 1353 846 1445 Espen
885 1354 1010 1421 cit.
1052 1366 1260 1420 tract.
1305 1363 1500 1442 part.
1545 1348 1619 1416 8.
1670 1364 1822 1437 cap.
1875 1369 1939 1415 1.
1983 1350 2047 1434 §.
2108 1370 2178 1437 5.

1472 1573 1533 1656 §·
1641 1566 1998 1639 ccxvn.

1219 1766 1462 1841 Ratio
1520 1767 1721 1863 legis
1784 1764 2249 1863 quotuplex?

781 1973 1015 2060 Atque
1059 1966 1202 2036 haec
1246 1968 1335 2037 de
1383 1966 1824 2060 Philologica
1876 1966 2351 2038 Ecclesiastici
2403 1969 2577 2061 Juris
2615 1971 2834 2044 inter-

627 2078 1014 2170 pretatione
1057 2072 1409 2142 hactenus.
1440 2072 1789 2163 Deinceps
1821 2093 2243 2164 exponemus
2272 2073 2361 2143 de
2395 2072 2844 2167 Philosophi-

630 2206 710 2252 ca
739 2233 763 2271 ,
799 2181 990 2271 cujus
1045 2199 1380 2247 summum
1422 2174 1740 2245 officium
1780 2175 1914 2245 hoc
1955 2193 2112 2246 est:
2155 2178 2486 2247 rationem
2538 2181 2836 2249 investi-

630 2308 797 2377 gare
827 2284 1103 2353 canonis
1123 2334 1142 2371 ‚
1182 2284 1268 2350 de
1297 2283 1491 2374 quus
1520 2282 1591 2351 vi
1626 2304 1703 2350 ac
1734 2298 2072 2371 potestate
2108 2282 2437 2370 quaeritur
2459 2330 2481 2368 9
2519 2298 2590 2349 et
2619 2305 2707 2350 ex
2734 2307 2847 2375 ea,

630 2390 799 2479 quid
831 2389 1096 2454 auctori
1144 2388 1566 2473 propositum
1603 2381 1863 2472 fuerit,
1899 2386 2082 2475 justa
2117 2386 2656 2475 consequutione
2686 2389 2839 2455 col-

628 2495 847 2580 ligere
889 2481 989 2581 (ᾖ.
1023 2483 1240 2553 CCII.
1273 2479 1325 2578 ).
1354 2487 1689 2553 Rationes
1728 2508 1900 2555 vero
1940 2491 2173 2577 legum
2205 2509 2548 2557 sacrarum
2579 2510 2839 2580 omnes,

633 2611 752 2661 aut
787 2595 859 2659 in
896 2594 1080 2680 ipsa,
1131 2612 1283 2677 quae
1326 2590 1497 2657 inest
1538 2588 1972 2676 actionibuS‚
2036 2587 2395 2659 honestate
2446 2592 2561 2661 vel
2611 2595 2843 2682 turpi-

636 2697 879 2765 tudine
910 2743 932 2781 ,
981 2708 1098 2759 aut
1140 2693 1206 2758 in
1249 2690 1578 2760 Ecclesiae
1617 2688 2015 2761 christianae
2057 2707 2302 2759 natura
2365 2715 2444 2759 ac
2487 2694 2622 2762 fine
2670 2716 2843 2763 con-

638 2803 945 2867 tinentur
974 2818 994 2858 t
1037 2812 1155 2860 aut
1209 2794 1484 2859 demum
1523 2797 1592 2859 in
1633 2794 1861 2860 causis
1904 2793 2314 2883 quibusdam
2356 2800 2695 2884 externis,
2740 2820 2846 2868 re-

636 2922 926 2987 rumque
958 2948 980 2982 ,
1032 2897 1334 2965 locorum
1365 2945 1388 2982 ‚
1441 2912 1828 2985 temporum
1884 2910 1954 2964 et
2007 2914 2449 2984 personarum
2491 2898 2835 2988 adjunctis

635 3005 876 3071 latent.
918 3000 1079 3067 Illas
1131 3000 1430 3069 internas
1468 3022 1549 3067 ac
1587 2998 1872 3067 morales
1903 3048 1927 3089 9
1991 2996 2110 3066 has
2166 3019 2337 3065 vero
2390 3016 2706 3070 externas
2759 3026 2839 3072 ac

638 3105 1001 3174 historicas
1038 3104 1476 3174 vocabimus..
1502 3101 1768 3170 Earum
1796 3103 1849 3169 si
1882 3125 2017 3193 qua
2065 3101 2526 3193 legibusipsis
2566 3128 2841 3194 expres-

642 3232 717 3279 sa
780 3227 936 3299 est,
998 3208 1297 3301 legalis,
1350 3207 1661 3296 alioquin
1729 3204 2124 3275 doctrinalis
2202 3205 2483 3273 dicitur.
2552 3207 2844 3276 Arcanae

638 3332 840 3401 sunt,
881 3335 1045 3403 quas
1087 3312 1335 3396 celari,
1373 3333 1489 3379 seu
1533 3308 1812 3400 publica
1854 3309 2222 3400 Ecclesiae,
2264 3332 2383 3377 seu
2425 3309 2837 3400 legislatoris

638 3421 917 3507 privata
963 3416 1223 3483 utilitas
1279 3414 1620 3502 deposcit.

750 3520 1005 3587 ScHoL.
1112 3514 1322 3584 Conf.
1376 3516 1686 3584 Ickstadt
1725 3517 1984 3584 Medis.
2031 3515 2323 3605 praelim.
2369 3514 2447 3581 de
2488 3517 2665 3583 stud.
2697 3518 2843 3606 jur.

646 3641 790 3710 cap.
835 3627 907 3688 ⁴1.
950 3623 1008 3703 §.
1050 3641 1161 3706 15.
1201 3641 1379 3708 seqq.
1408 3619 1518 3687 Ill.
1549 3619 1799 3689 Daries
1837 3621 2172 3688 observat.
2190 3619 2339 3708 jur.
2375 3635 2519 3685 nat.
2550 3636 2619 3686 et
2651 3638 2848 3710 gent.

642 3740 797 3791 tom.
852 3748 913 3789 ι.
954 3722 1286 3790 observat.
1334 3744 1451 3791 21.
1502 3724 1732 3816 Ignat.
1774 3724 2058 3795 Mulzer
2099 3722 2169 3790 in
2208 3739 2512 3815 praecog.
2555 3723 2845 3816 jurispr.

644 3827 904 3909 Eccles.
945 3829 1004 3912 §.
1057 3846 1173 3916 17.
1213 3847 1394 3917 seqq.
