3275 4784
725 246 865 342 145
1470 266 1895 321 sr-:c‘rro
1974 267 2049 319 1.

779 392 1034 460 ὅρκοι.
1076 391 1172 459 ΙΙ.
1278 387 1591 458 Canones
1624 412 1748 479 pro
1780 390 2081 479 genuino
2110 386 2687 459 concordatorum
2733 414 2870 463 sen·

666 515 748 561 su
786 496 1092 563 eruendo
1131 490 1362 561 adfert
1404 493 1683 562 Barthel
1726 494 1886 560 diss.
1952 512 2017 578 3.
2074 492 2151 558 de
2201 493 2495 560 concord.
2550 494 2618 560 in
2667 515 2863 584 prae-

652 592 805 680 fat.
846 599 956 663 cui
994 599 1205 689 junge
1246 595 1510 685 Georg.
1552 595 1831 662 Schlo'er
1871 595 1994 663 cit.
2035 594 2198 661 diss.
2239 614 2384 685 cap.
2423 620 2496 683 4.
2536 612 2604 663 et
2646 595 2843 667 Clar.

666 698 938 767 Endres
978 702 1102 768 cit.
1131 701 1292 767 diss.
1320 702 1382 784 §.
1425 722 1538 784 14.
1577 698 1814 782 Quum
1844 714 2073 764 autern
2103 698 2408 765 nondum
2435 703 2841 787 gravamina

666 802 891 870 desint
933 801 1295 871 Germanis
1345 801 1433 869 ob
1486 801 1746 869 violata
1798 797 1839 868 ὲ
1881 800 2206 868 Romanis
2247 798 2846 873 Concordatorum

658 904 852 993 jura,
892 928 1066 996 saepe
1107 906 1566 972 deliberatum
1606 921 1706 971 est
1748 903 1835 971 de
1891 905 2208 969 remediis
2256 905 2452 993 justae
2499 923 2839 993 certaeque

667 1005 1113 1074 defensioniS.
1158 1007 1321 1075 Non
1375 1006 1874 1075 contemnenda
1928 1022 2127 1090 sunt„
2179 1028 2330 1093 quae
2383 1006 2671 1075 Barthel
2723 1012 2845 1077 cit.

663 1110 828 1175 diss.
871 1112 1178 1201 subjecit.
1219 1107 1788 1177 Efficacissimum
1818 1109 2056 1197 procul
2087 1108 2304 1175 dubio
2336 1109 2713 1177 remedium
2738 1127 2842 1179 est

665 1211 1010 1281 Recursus
1064 1214 1153 1280 ad
1206 1214 1716 1302 Imperatorem.
1769 1211 1876 1279 De
1928 1232 2066 1299 quo
2130 1210 2458 1279 adcurate
2521 1216 2840 1302 exposuit

666 1312 853 1381 Clar.
893 1315 1310 1384 Schmidtius
1351 1318 1562 1384 diatr.
1606 1317 1683 1381 de
1713 1314 1959 1403 imper.
1991 1314 2285 1382 concord.
2304 1329 2601 1405 protect.
2630 1311 2842 1385 Conf.

666 1415 933 1486 Endres
972 1420 1095 1487 cit.
1136 1420 1297 1487 diss.
1341 1422 1401 1504 §.
1451 1439 1568 1506 35.
1608 1437 1782 1509 pag.
1833 1439 2001 1503 135.
2043 1438 2223 1506 seqq.

1498 1620 1574 1701 ς.
1695 1554 1982 1683 ”(;ΧΝ.’

1350 1826 1755 1902 Concilium
1782 1824 2164 1903 Pisanum.

825 2034 978 2114 Jam
1029 2033 1120 2103 ad
1165 2035 1486 2105 saeculum
1527 2034 1870 2103 decimum
1906 2051 2171 2102 sextum
2213 2033 2456 2121 venie,
2496 2036 2686 2125 cujus
2727 2035 2859 2101 ini-

666 2137 769 2205 tia
814 2141 980 2206 satis
1023 2139 1332 2206 reddidit
1375 2138 1778 2207 turbulenta
1814 2134 2016 2233 Julii
2043 2137 2131 2205 P.
2162 2137 2249 2204 11.
2281 2137 2481 2221 belli,
2511 2159 2711 2225 quam
2745 2160 2867 2226 pa-

675 2241 774 2308 cis
813 2243 1140 2333 cupidior
1180 2243 1473 2310 indoleS.
1517 2242 1655 2309 Hic
1693 2242 1877 2308 enim
1917 2242 2210 2329 primum
2249 2241 2532 2307 Venetis
2560 2287 2583 2325 .,
2635 2237 2866 2305 foede-.-

681 2364 756 2411 re
806 2366 958 2410 cum
1013 2346 1500 2412 Maximilidno
1551 2344 1714 2432 Imp.
1767 2360 1835 2411 et
1884 2343 2218 2411 Ludovico
2263 2341 2865 2409 X11.‹Galliarum

677 2444 876 2532 Rege
942 2447 1164 2530 inite,
1233 2446 1489 2511 bellum
1552 2445 1791 2527 intulit
1830 2464 1856 2529 ς
1916 2444 2215 2530 posthaec
2295 2443 2357 2509 F
2363 2443 2869 2531 errariensibu53

695 2560 1041 2633 postremo
1079 2543 1349 2634 Regem
1389 2544 1641 2629 Galljae
1681 2545 1939 2631 ipsum,
1966 2544 2292 2637 Venetis,
2321 2546 2680 2633 HispaniS‚
2710 2546 2873 2612 Hel·

690 2647 877 2716 vetis
908 2647 977 2713 in
1016 2647 1413 2714 societatem
1452 2645 1923 2713 belli‘adscitis
1950 2645 2313 2735 adgressus
2332 2694 2355 2733 7
2384 2648 2552 2714 mire
2580 2668 2872 2734 omnem,

678 2748 862 2819 ‘dum
902 2747 1225 2835 vivebat,
1260 2747 2089 2827 Occidentemaeturbavit.
2121 2747 2498 2813 Ludovicus
2559 2749 2874 2836 injuriam

683 2846 748 2921 ,εἰ
778 2848 1111 2918 Pontifice
1149 2856 1501 2940 acceptam
1540 2849 1814 2917 uhturus
1838 2898 1865 2936 7
1901 2870 1989 2915 ne
2020 2849 2194 2938 quid
2231 2865 2476 2938 praeter
2496 2848 2605 2937 jus
2633 2848 2874 2939 fasque

682 2953 878 3021 inre
916 2953 1203 3042 ancipiti
1242 2953 1688 3039 decerneret,
1722 2952 1893 3019 cleri
1931 2952 2225 3041 primum
2265 2953 2371 3019 sui
2407 2953 2692 3040 comitia
2744 2952 2880 3020 ha·-

677 3052 887 3142 -buit‚
919 3064 1135 3143 'seque
1170 3054 1261 3123 ab
1297 3078 1386 3126 eo
1420 3055 1506 3123 de
1548 3056 1916 3144 propositis
1948 3054 2039 3121 ad
2066 3054 2591 3124 deliberandum
2631 3056 2877 3124 articu-

688 3156 775 3224 lis
804 3159 987 3246 ‚quid
1027 3158 1353 3247 sentiret,
1389 3158 1667 3228 edoceri
1699 3157 1897 3247 jussit
1925 3146 2081 3253 (1);
2108 3153 2149 3224 ὲ
2174 3178 2350 3248 quo,
2375 3178 2594 3246 quum
2616 3179 2701 3225 ex
2728 3159 2875 3226 ani-

702 3263 794 3327 mi
838 3263 941 3329 sui
980 3265 1316 3330 sententia
1351 3279 1746 3351 responsum
1782 3275 1991 3349 esset,
2037 3259 2133 3329 ad
2186 3260 2652 3329 retundendos
2687 3258 2876 3328 Pon-

686 3363 902 3431 -tificis
931 3365 1340 3452 'imperiosos
1370 3382 1657 3433 conatus
1682 3364 1979 3431 animum
2007 3361 2340 3430 advertit.
2369 3360 2465 3429 Et
2488 3378 2682 3430 erant
2709 3363 2876 3449 qui:-

694 3464 858 3551 'dam
899 3466 1099 3534 Aulae
1134 3465 1470 3537 Romanae
1504 3465 1865 3555 purpurati
1905 3461 1950 3532 ὲ
1988 3466 2308 3533 violentis
2343 3459 2548 3558 Julii
2582 3461 2670 3528 Ρ.
2697 3481 2875 3530 con-

685 3566 867 3633 siliis
908 3567 1162 3654 alieni,
1196 3570 1316 3657 qui
1357 3566 1684 3635 Ludo-vici
1733 3566 1951 3657 Regis
1985 3581 2058 3634 et
2109 3565 2205 3632 M
2214 3563 2596 3633 oximiliani
2634 3563 2870 3653 Impe-

694 3667 943 3733 ratoris
985 3671 1399 3737 auctoritate
1439 3666 1601 3751 freti
1622 3719 1646 3756 ‚
1673 3668 1842 3736 Pisis
1875 3688 2038 3737 ann.
2078 3691 2104 3735 1
2126 3690 2207 3755 51
2235 3691 2296 3733 1.
2321 3662 2715 3735 Concilium
2751 3688 2869 3735 co·

688 3767 942 3853 gebant
962 3816 986 3856 ‚
1018 3791 1159 3858 quo
1189 3788 1259 3840 et
1292 3771 1650 3840 Pontificis
1682 3769 1968 3840 hostiles
2003 3786 2292 3838 conatus
2331 3766 2770 3857 cohiberent,
2795 3782 2864 3838 et

677 3870 768 3943 de
808 3871 1265 3941 emendandis,
1305 3874 1706 3963 disciplinae.
1736 3888 1874 3941 tam
1928 3874 2224 3963 publicae
2252 3920 2277 3962 ‚
2328 3892 2531 3960 quam
2580 3874 2868 3961 privatae

753 3986 845 4067 (1)
925 3988 1064 4052 Vid.
1096 3992 1343 4054 Natalis
1371 3993 1562 4055 Alex.
1594 3991 1800 4056 Saecul.
1833 3991 2010 4051 XXI.
2044 3995 2183 4054 diss.
2239 4011 2334 4051 11.
2368 3992 2541 4049 artic.
2580 4008 2645 4069 3.
