3275 4784
774 217 873 315 56
1522 208 1949 288 .sEcTio
2029 233 2088 283 n

722 361 1154 433 haereditatis
1196 361 1378 429 inter
1410 378 1480 426 se
1520 380 1599 426 ac
1645 355 1933 427 fratrem
1983 350 2386 425 dividendae
2439 368 2521 423 ut
2560 354 2900 438 arbitrium

720 469 1064 559 reciperet
1090 517 1112 556 ,
1161 464 1385 550 Itom0,
1451 455 1806 553 inquiebat
1835 509 1858 549 9
1897 462 2045 553 quis
2087 482 2185 528 me
2224 459 2585 528 constituit
2623 463 2891 554 judicem

708 588 831 641 aut
873 572 1227 640 divisorem
1269 586 1462 658 super
1489 566 1651 635 vos?
1692 557 1809 663 (1)
1837 586 1977 657 quo
2022 563 2308 633 doceret
2338 562 2722 658 hominem,
2757 594 2884 644 non

712 698 904 746 suam
962 672 1135 742 hanc
1188 673 1308 740 sed
1352 670 1645 739 aliorum
1686 691 1829 738 esse
1873 683 2280 761 potestatem
2312 718 2334 757 ,
2387 681 2468 738 ut
2521 675 2639 762 qui
2679 668 2719 742 ὲ
2755 676 2892 749 Deo

704 782 944 847 missus
984 795 1158 845 esset
1198 776 1289 844 ad
1331 775 1718 865 spiritualia
1755 771 2364 861 communicanda,
2402 794 2542 843 non
2582 774 2676 845 ad
2713 778 2885 852 divi-

701 883 931 951 denda
973 878 1403 971 temporalia.
1446 878 1661 969 Bene,
1703 880 1966 970 inquit,
1995 879 2062 946 in
2106 874 2292 946 hune
2332 878 2563 947 locum
2605 879 2690 949 S.
2722 883 2880 953 Am·-

695 984 1008 1074 brosius,
1071 1002 1341 1054 terrena
1399 983 1747 1072 declinat,
1809 984 1925 1074 qui
1977 997 2260 1074 propter
2312 982 2547 1050 divina
2628 985 2882 1057 descen-¹-

699 1090 935 1158 der—at:
1002 1113 1116 1158 nec
1140 1089 1353 1180 judex
1405 1109 1545 1156 esse
1610 1087 1936 1181 dignatur
1992 1086 2219 1157 litium
2257 1136 2283 1178 ‚
2341 1103 2412 1154 et
2463 1085 2729 1160 arbiter
2778 1087 2891 1177 fa-

706 1196 1062 1263 cultatum.
2601 1278 2612 1283 ‚

813 1298 1072 1370 Senot..
1182 1298 1332 1364 Non
1374 1312 1526 1365 sunt
1561 1297 1856 1385 nescius,
1910 1297 2135 1387 inquit
2173 1294 2457 1364 Du-Pin
2485 1343 2511 1383 ,
2562 1297 2642 1364 de
2694 1301 2899 1392 antiq.

711 1399 1038 1471 Ecclesiae
1103 1403 1369 1494 discipl.
1440 1402 1600 1471 diss.
1658 1424 1728 1492 7.
1780 1420 1954 1494 pag.
2020 1421 2197 1493 439.
2263 1399 2691 1472 adversarios
2748 1426 2901 1473 non-

706 1508 921 1575 nullis
960 1508 963 1511 ’
996 1509 1482 1598 scripturarum
1558 1524 1627 1575 et
1703 1521 2070 1576 sanctorum
2136 1503 2424 1572 Patrum
2509 1506 2906 1588 testimoniis

708 1611 892 1696 niti,
928 1612 1159 1699 quibus
1186 1611 1474 1701 probant
1515 1610 1868 1679 Christum
1895 1631 2117 1702 regem
2148 1604 2412 1697 fuisse,
2449 1605 2799 1700 regnorum
2827 1634 2903 1681 ae

706 1735 939 1803 regum
1001 1732 1411 1780 terrenorum
1466 1713 1868 1802 Dominum3
1928 1735 2156 1781 verum
2207 1712 2335 1780 illa
2385 1712 2570 1781 nihil
2604 1714 2899 1806 probant

700 1815 780 1882 de
820 1838 942 1904 quo
982 1817 1169 1884 inter
1210 1838 1419 1884 omnes
1455 1838 1576 1883 non
1614 1833 1898 1888 constet.
1939 1816 2170 1884 Extra
2212 1839 2448 1884 omnem
2478 1816 2720 1908 quippe
2745 1841 2895 1888 con-

696 1920 1090 1988 troversiam
1131 1936 1232 1988 est
1286 1919 1638 1989 Christum
1690 1921 2039 1990 Dominum
2069 1973 2094 2010 ,
2142 1937 2462 2011 quatenus
2533 1921 2721 1991 Deus
2767 1939 2898 2015 esc,

695 2023 1046 2092 Dominum
1123 2048 1262 2094 esse
1326 2048 1676 2118 regnorum
1740 2048 1818 2095 ac
1869 2049 2100 2119 regum
2151 2028 2482 2093 onmium:
2538 2049 2652 2095 nec
2707 2028 2895 2117 quis-

697 2152 887 2217 quam
928 2122 1311 2220 diffitetur,
1349 2131 1506 2221 quin
1546 2130 1624 2199 ob
1666 2132 2111 2230 arctissimam
2148 2118 2492 2219 utriusque
2532 2129 2601 2197 in
2637 2129 2895 2199 Chris-

697 2249 766 2300 to
810 2250 1067 2301 natur-ce
1118 2237 1412 2303 unionem
1464 2252 1773 2328 potestas
1814 2238 1952 2305 ista
1982 2287 2005 2324 ,
2047 2259 2188 2326 quae
2244 2233 2606 2301 divinitati
2644 2256 2900 2303 conve-

698 2340 844 2425 nit,
876 2341 1093 2426 possit
1137 2364 1257 2407 non
1297 2362 1477 2407 secus
1541 2364 1619 2410 ac
1682 2358 1908 2409 cetera
1962 2339 2305 2409 attributa
2359 2335 2586 2406 divina
2645 2335 2908 2418 homini

706 2442 779 2508 in
817 2440 1099 2507 Christo
1129 2460 1255 2529 per
1296 2444 1970 2526 communicationem,
1997 2461 2075 2509 ut
2105 2445 2488 2531 loquuntur,
2518 2440 2911 2511 idiomatum

703 2542 1060 2633 adaptari,
1129 2558 1195 2608 et
1250 2542 1435 2611 lzomo
1510 2543 1833 2613 Christus
1908 2544 2044 2612 dici
2099 2546 2450 2625 Dominus
2497 2567 2732 2637 regum
2775 2568 2906 2614 om·

701 2648 934 2735 nium,
998 2649 1517 2738 quemadmodum
1568 2649 1824 2717 dicitur
1889 2666 1960 2717 et
2031 2648 2357 2733 Creator,
2429 2650 2735 2736 quamvis
2793 2671 2916 2718 ra·-

704 2753 886 2820 tione
960 2754 1206 2817 divinae
1280 2769 1539 2817 naturae
1602 2767 1864 2817 tantum
1928 2750 2006 2813 id
2059 2751 2195 2836 ipsi
2266 2763 2624 2835 competat.
2702 2752 2915 2836 Qua-

690 2869 976 2943 propter
1042 2851 1421 2915 adversarii
1474 2847 1753 2932 frustra
1823 2847 2054 2914 multis
2126 2846 2529 2913 testimoniis
2598 2850 2907 2939 probare

699 2955 1059 3021 moliuntur
1108 2950 1184 3016 id
1243 2951 1321 3016 de
1373 2973 1495 3040 quo
1544 2951 1762 3018 nullus
1816 2948 2127 3017 dubitare
2156 2963 2426 3040 potest,
2480 2951 2616 3018 nisi
2674 2953 2917 3026 Aria-

703 3079 880 3145 nus,
934 3053 1438 3144 Photinionus,
1503 3071 1621 3123 aut
1674 3053 2120 3122 Nestorianus
2173 3054 2295 3122 sit.
2335 3053 2610 3124 Etenim
2658 3057 2729 3125 in
2796 3060 2921 3131 hos

707 3176 968 3231 tantum
1046 3158 1400 3229 hc‘ereticos
1487 3158 1730 3226 Sancti
1809 3157 2060 3226 Patres
2141 3158 2469 3226 adducunt
2549 3160 2915 3249 scripture

707 3264 1137 3350 testimonia,
1193 3265 1261 3331 in
1306 3262 1539 3353 quibus
1598 3261 1882 3330 Christo
1925 3262 2273 3331 dominium
2326 3285 2545 3330 rerum
2597 3278 2917 3333 terrena·-

700 3394 845 3440 rum
915 3368 1130 3436 tribui
1191 3368 1463 3434 videtur
1496 3417 1518 3455 ,
1576 3381 1652 3432 ut
1706 3366 1966 3433 scilicet
2013 3368 2168 3433 inde
2206 3360 2509 3446 inferant
2561 3415 2586 3451 ,
2652 3364 2914 3434 Chris-

702 3491 851 3540 tum
888 3493 1025 3539 esse
1063 3492 1221 3536 vere
1261 3469 1488 3537 Deum
1517 3521 1542 3558 ,
1589 3486 2019 3559 supponentes
2072 3470 2333 3536 scilicet
2397 3488 2538 3534 eum
2591 3488 2710 3533 non
2758 3466 2907 3536 lta-

702 3575 855 3642 bere
931 3571 1122 3639 istud
1202 3572 1547 3639 dominium
1644 3576 1906 3640 ratione
1989 3589 2245 3640 naturae
2326 3570 2645 3639 human-e.
2724 3569 2917 3643 Nam

682 3679 764 3744 ‘si
801 3698 941 3744 cum
995 3676 1408 3743 adversariis
1471 3677 1848 3765 sentirent,
1909 3673 2263 3745 Christum
2299 3725 2326 3764 ,
2375 3688 2451 3741 ut
2516 3672 2703 3742 homo
2764 3692 2911 3769 est,

705 3779 1019 3849 hahuisse
1077 3778 1265 3845 istud
1315 3781 1663 3846 dominium
1709 3830 1731 3869 ‚
1772 3798 2127 3870 perperam
2182 3778 2431 3849 omnino
2484 3799 2571 3848 ex
2625 3776 2737 3846 his
2800 3780 2910 3846 lo-

701 3886 800 3956 cis
838 3876 1213 3967 inferrent,
1253 3883 1322 3946 in
1370 3881 1654 3953 Christo
1708 3900 1968 3975 praeter
2038 3883 2389 3953 humanam
2451 3898 2754 3954 naturam
2795 3882 2902 3950 di·

806 4002 932 4092 (1)
1018 4003 1162 4062 Luc.
1198 4002 1349 4062 XII.
1393 4021 1486 4080 14.
