3275 4784
719 267 812 339 88
1380 338 1391 349 ,
1500 278 1880 335 SECTIO
1962 282 2027 331 1..

654 412 872 499 prima
913 405 1195 499 quidem
1234 418 1425 494 parte
1455 404 1809 472 distinctio
1837 402 2239 492 adjiciatur,
2270 401 2490 472 veluti
2531 425 2674 474 can.
2707 406 2852 478 Mi-

654 533 920 598 ramur,
970 537 1034 597 5.
1072 511 1381 577 distinct.
1427 504 1547 576 61.
1587 506 1667 575 ln
1704 510 1918 574 altera
1960 527 2125 573 vero
2167 507 2467 573 addatur
2519 530 2841 581 numerus

648 638 868 682 causae
927 632 995 681 et
1050 613 1476 700 quaestionis:
1530 630 1606 679 ut
1660 633 1801 676 can.
1857 608 2023 678 Non
2077 610 2451 694 licet,·14.
2507 633 2702 679 causa
2764 638 2834 702 3.

653 732 890 804 quaest.
934 712 1003 786 6.
1045 713 1285 782 Causae
1325 716 1684 780 tricesimae
1721 714 1941 781 tertiae
1984 715 2268 801 quaestio
2311 716 2556 802 tertia,
2595 713 2636 781 ὲ
2691 718 2838 785 Re·-

636 823 941 887 centiore
972 821 1199 886 nescio
1227 839 1390 907 quo,
1416 819 1488 883 in
1518 831 1764 907 septem
1796 815 2255 882 distinctiones
2284 814 2510 883 divisa
2540 817 2825 889 est-Un-

642 921 735 990 de
773 923 922 989 loca
965 923 1359 1010 quaestionis
1401 921 1595 988 istius
1635 921 1940 986 citantur
1979 936 2101 985 aut
2141 938 2464 1005 expresso
2517 940 2832 1012 numero,

639 1043 760 1093 aut
801 1027 1051 1092 initiali
1093 1046 1263 1092 voce
1291 1023 1569 1090 canonis
1609 1039 1680 1091 et
1712 1041 2000 1089 numero
2029 1021 2492 1088 distinctionis
2519 1044 2673 1091 cum
2706 1024 2836 1094 hac

634 1128 1060 1218 adjectione:
1091 1130 1167 1193 de
1208 1126 1646 1193 Poenitentia.
1688 1147 1801 1194 ex,
1843 1145 1913 1214 g.
1952 1146 2097 1190 can.
2136 1123 2522 1211 Lacrymae,
2550 1126 2713 1196 dist.
2755 1151 2820 1200 1.

631 1232 713 1297 de
763 1230 1199 1297 Poenitentia.
1263 1229 1520 1296 Tertioe
1573 1228 1850 1295 demum
1905 1229 2118 1316 partis
2166 1226 2407 1293 eadem
2456 1243 2559 1294 est
2589 1276 2611 1315 ,
2667 1251 2826 1319 quae

631 1335 903 1421 primae,
942 1335 1153 1399 ratio:
1195 1331 1377 1398 Nam
1415 1347 1485 1398 et
1533 1329 1678 1398 haec
1727 1330 2204 1398 distinctiones
2261 1327 2511 1418 habet,
2562 1332 2682 1399 sed
2738 1351 2817 1403 ut

627 1456 924 1504 canones
962 1438 1237 1524 utrique
1287 1452 1445 1524 apte
1493 1433 2013 1520 discernantur,
2063 1432 2231 1499 locis
2284 1455 2369 1499 ex
2426 1435 2635 1501 tertia
2691 1433 2820 1503 hac

626 1555 823 1628 parte
874 1539 1103 1604 citatis
1154 1537 1320 1604 addi
1372 1537 1581 1603 solet:
1637 1537 1716 1602 de
1766 1536 2305 1604 Consecratione.
2361 1533 2536 1605 Vid.
2598 1536 2816 1607 Zech.

618 1641 1044 1731 praecognita
1071 1639 1218 1730 jur.
1260 1661 1405 1707 can.
1448 1641 1507 1725 §.
1553 1634 1726 1726 284.
1766 1659 1947 1728 seqq.

1563 1840 1625 1924 §-
1745 1835 1969 1906 LXV.

1455 2047 1673 2147 Quid
1728 2048 2018 2127 Paleae.

754 2262 760 2271 '
787 2259 918 2329 His
957 2259 1278 2352 capitulis
1317 2258 1673 2352 interjecta
1711 2275 1868 2328 sunt
1897 2257 2259 2347 nonnulla,
2288 2257 2537 2350 quibus
2564 2258 2808 2333 obscu-

629 2387 781 2436 rum
846 2364 1078 2432 Paleae
1138 2386 1383 2432 nomen
1447 2365 1853 2452 inscriptum
1918 2381 2043 2430 est.
2110 2361 2215 2431 Ea
2280 2361 2599 2432 Gratiani
2666 2387 2815 2435 non

628 2491 809 2553 esse,
851 2466 1185 2531 Batonius
1224 2488 1311 2532 ex
1351 2483 1435 2530 eo
1475 2466 1629 2532 vult
1667 2481 1981 2550 apertum
2019 2485 2162 2530 esse
2188 2513 2212 2551 ,
2251 2467 2438 2553 quod
2477 2471 2549 2534 in
2589 2465 2816 2537 Codi-

622 2592 700 2637 ce
743 2568 1090 2638 Vaticano
1129 2568 1289 2634 satis
1327 2564 1636 2633 dilucide
1676 2581 2042 2656 appareat,
2070 2564 2292 2634 aliena
2320 2582 2390 2635 et
2432 2572 2802 2645 recentiori

625 2692 827 2741 manu
871 2671 1138 2762 adjecta
1179 2667 1388 2737 fuisse
1429 2658 1568 2763 (1).
1609 2665 1789 2750 Quae
1826 2669 2217 2758 conjectura
2274 2669 2528 2738 firmari
2588 2694 2675 2740 ex
2728 2694 2817 2742 eo

624 2793 891 2866 potest,
942 2773 1132 2862 quod
1189 2766 1540 2838 Diomedes
1588 2769 1821 2836 Brava
1886 2768 1929 2837 ὲ
1993 2770 2266 2838 duobus
2332 2776 2815 2843 vetustissimis

622 2877 1038 2963 codicibus,
1081 2875 1198 2963 qui
1240 2875 1368 2940 sibi
1410 2873 1498 2941 ad
1542 2893 1776 2939 manus
1818 2869 2119 2960 fuerint,
2158 2876 2386 2941 omnia
2443 2897 2817 2965 propemo-

621 2980 790 3047 dum
830 2976 951 3045 illa
990 2977 1458 3050 additamenta
1499 2972 1801 3044 abfuisse
1840 2992 2126 3044 testatus
2166 2979 2253 3044 sit
2295 2968 2438 3075 (2).
2475 2979 2670 3047 Idem
2722 2979 2811 3047 de

621 3082 895 3152 duobus
937 3083 1145 3170 regiis
1184 3079 1560 3149 Codicibus
1601 3077 1967 3146 Bohmerus
1994 3129 2017 3168 ,
2067 3080 2154 3147 de
2196 3077 2524 3149 Caesareis
2577 3080 2807 3174 Rieg-

611 3208 822 3280 geras
859 3202 1261 3254 memorant.
1303 3184 1481 3265 Quis
1517 3182 1995 3272 adscripserit,
2032 3199 2153 3250 aut
2193 3206 2317 3251 cur
2358 3183 2487 3252 hoc
2528 3184 2710 3273 illis,
2738 3199 2811 3254 et

619 3289 806 3358 unde
847 3310 1093 3359 nomen
1133 3290 1221 3355 sit
1260 3287 1596 3373 inditum,
1638 3306 1775 3352 non
1817 3303 2017 3354 vacat
2067 3288 2417 3376 inquirere
2456 3277 2596 3381 (3).

722 3391 979 3462 SCHoL.
1085 3387 1298 3459 Confi
1341 3389 1758 3456 Heincccius
1798 3388 1867 3456 in
1906 3390 2099 3455 Hist.
2128 3388 2275 3476 jur.
2315 3390 2448 3456 civ.
2479 3388 2601 3453 lib.
2636 3408 2704 3455 2.
2736 3392 2796 3472 §.

619 3491 742 3562 61.
807 3511 945 3561 not.
1010 3484 1156 3588 (e).
1228 3492 1379 3559 Nec
1431 3490 1559 3559 hac
1610 3489 1989 3558 Gratianus
2045 3487 2329 3556 fortuna
2381 3489 2658 3573 caruit,
2724 3506 2807 3558 ut

622 3594 977 3664 decretum
1004 3596 1145 3685 ejus
1178 3594 1634 3661 illustraretur
1656 3590 1894 3678 glossis
1910 3641 1931 3675 ,
1959 3611 2247 3680 quarum
2266 3591 2556 3656 aetasilla
2578 3611 2809 3659 amans

622 3697 839 3771 ferme
878 3696 966 3767 ad
1002 3692 1333 3765 nauseam'
1359 3692 1523 3763 fuit.
1564 3694 1737 3764 Vid.
1778 3690 2011 3761 Buder
2048 3696 2117 3760 in
2156 3689 2349 3759 Bibl.
2378 3691 2527 3782 jur.
2570 3695 2803 3766 select.

706 3865 805 3952 (ι)
887 3869 954 3927 In
997 3838 1221 3926 Annal.
1268 3869 1346 3922 ad
1375 3885 1506 3923 ann.
1551 3879 1725 3940 1151.
1765 3883 1818 3921 n.
1856 3866 1917 3921 6.

710 3948 811 4032 (ι)
890 3952 979 4009 In.
1015 3950 1273 4023 DisquiS.
1307 3948 1443 4003 crit.
1480 3950 1548 4003 de
1581 3943 1852 4018 interpol.
1885 3940 2061 4003 Grat.

714 4029 826 4113 (3)
905 4027 975 4092 V
968 4031 1045 4090 id.
1079 4025 1427 4088 Masttrich.
1464 4028 1522 4082 in
1555 4023 1723 4085 Hist.
1751 4028 1870 4100 jur.
1904 4022 2137 4085 Eccles.
2176 4040 2231 4082 n.
2267 4040 2404 4101 314.
