3275 4784
686 284 826 361 190
1424 277 1853 358 ssscrto
1932 278 2040 331 ιι.

626 427 755 477 nec
810 406 1220 498 destruens,
1285 407 1493 474 immo
1547 405 1754 473 etiam
1806 422 2085 470 servans
2139 421 2218 470 ae
2273 422 2615 494 sequens:
2663 411 2841 495 quod

629 513 794 582 licet
847 513 1179 583 diversum
1225 512 1297 578 in
1349 507 1646 578 diversis·
1704 506 2086 574 nationibus
2117 556 2138 595 ,
2203 509 2295 573 ad
2350 531 2539 576 unum
2612 526 2832 583 tamen

625 618 1036 706 eumdemque
1086 609 1287 699 finem
1341 629 1624 680 terrenae
1670 611 1866 699 pacis
1918 611 2296 678 intenditur
2328 661 2350 698 ‚
2404 612 2466 679 si
2527 616 2824 708 religio-

623 742 762 786 nem
791 771 813 808 ,
866 742 993 809 qua
1059 743 1220 786 unus
1262 739 1536 786 summus
1580 733 1649 785 et
1691 737 1887 783 verus
1929 714 2122 784 Deus
2176 716 2484 784 colendus
2523 718 2818 813 docetur,

618 842 757 892 non
799 823 1111 913 impedit.
1150 814 1268 919 (ᾗ.
1313 822 1444 891 VI.
1477 812 1509 919 )

717 925 995 995 CoRoL.
1107 926 1219 995 Ex
1259 926 1555 996 adverso
1591 929 1851 1013 autem,
1880 921 1934 991 si
1979 924 2370 993 institutum
2413 925 2819 1021 quodpiam,

609 1047 927 1121 respectu
979 1030 1068 1099 ad
1118 1030 1643 1121 Rempublicam
1709 1026 1948 1096 habito
1978 1078 2000 1118 ‚
2064 1049 2341 1117 prorsus
2378 1047 2480 1098 est
2521 1031 2813 1103 indiffe-

610 1153 802 1223 rem,
846 1136 1170 1226 pietatem
1224 1157 1392 1205 vero
1443 1133 1532 1203 ad
1576 1136 1905 1202 virtutem
1963 1131 2298 1224 adjuvare
2349 1149 2631 1222 aptum,
2684 1158 2811 1208 sua

607 1234 992 1307 Ecclesiam
1031 1241 1103 1307 in
1130 1237 1617 1310 constituendo
1660 1237 1979 1306 libertate
2023 1233 2165 1305 frui
2194 1238 2546 1326 patiantur
2576 1238 2805 1332 Reges

605 1343 897 1430 perinde
951 1365 1223 1437 aequum
1275 1360 1396 1412 est.
1440 1343 1547 1412 De
1604 1341 1848 1409 Marca
1888 1340 2006 1409 lib.
2056 1331 2124 1408 22
2163 1354 2315 1431 cap.
2362 1335 2434 1407 6.
2477 1344 2536 1427 §.
2579 1337 2651 1410 6.

707 1447 964 1516 Senon.
1073 1449 1232 1517 Hoc
1261 1446 1436 1517 illud
1467 1446 1764 1515 arbitror
1791 1467 1933 1513 esse
1955 1445 2102 1536 ju5‚
2131 1441 2322 1535 quod
2348 1445 2515 1515 clar.
2552 1445 2802 1518 Scrodt

588 1563 1001 1637 potestatem
1050 1551 1319 1642 imperii
1358 1552 1590 1621 civilis
1632 1550 2150 1618 condirectivam
2193 1563 2455 1637 vocat,
2496 1552 2803 1641 pariter-

597 1673 734 1739 que
774 1655 1203 1743 principibus
1247 1655 1557 1723 vindicat
1600 1654 1827 1719 Instit.
1855 1654 1999 1742 jur.
2042 1673 2270 1720 canon.
2300 1650 2419 1719 lib.
2462 1676 2523 1721 1.
2566 1657 2688 1722 tit.
2723 1677 2792 1724 2.

593 1754 654 1837 §.
709 1778 736 1820 1
763 1777 873 1821 12.
930 1755 1042 1822 At
1080 1779 1240 1824 vero
1290 1778 1376 1823 ex
1428 1778 1538 1844 eo,
1581 1757 1808 1845 inquit
1839 1805 1860 1843 ,
1900 1756 2073 1844 quod
2096 1771 2404 1846 potestas
2441 1755 2783 1825 ecclesias·

590 1855 731 1924 tica
783 1859 1228 1950 intelligatur
1283 1859 1521 1950 absque
1573 1860 1974 1928 detrimento
2043 1876 2113 1929 et
2166 1860 2594 1929 diminutione
2658 1862 2787 1929 im-

574 1961 766 2050 perii
816 1964 1049 2031 civilis
1079 2012 1102 2052 ‚
1151 1963 1402 2033 abunde
1454 1965 1770 2033 elucescit
1801 2016 1822 2056 ‚
1874 1985 2104 2034 causas
2145 1964 2520 2054 disciplinae
2563 1981 2632 2033 et
2659 1983 2787 2056 po-

586 2062 765 2156 litige
804 2067 873 2133 in
922 2064 1231 2137 Ecclesia
1290 2086 1587 2139 externae
1642 2091 1763 2137 non
1817 2084 2157 2159 exemptas
2219 2087 2358 2137 esse
2393 2066 2433 2135 ὰ
2460 2067 2620 2159 jure
2671 2092 2791 2138 re·-

571 2168 720 2261 giae
758 2170 1223 2263 inspectionis,
1260 2193 1338 2242 ne
1381 2191 1506 2264 per
1559 2172 1887 2242 instituta
1929 2171 2387 2242 ecclesiastica
2438 2172 2782 2241 violentur

569 2271 738 2364 jura
788 2291 858 2342 et
919 2276 1276 2345 libertates
1330 2294 1556 2345 status
1598 2276 1859 2368 publici
1889 2299 1912 2368 ς
1966 2279 2159 2346 immo
2210 2271 2472 2361 referri
2526 2277 2619 2352 ad
2651 2297 2779 2367 po·

575 2391 894 2445 testatem
922 2379 1190 2469 imperii
1231 2381 1461 2448 civilis
1489 2380 2083 2470 condirectivam,
2121 2396 2445 2471 quatenus
2483 2376 2589 2448 ἤιε
2623 2402 2779 2449 cau-

576 2499 668 2547 sae
704 2502 844 2548 cum
894 2496 1084 2548 statu
1137 2497 1206 2549 et
1259 2482 1588 2573 regimine
1629 2482 1916 2573 politico
1981 2483 2443 2554 connexionem
2502 2480 2777 2554 habent:

574 2582 738 2652 adeo
787 2600 865 2652 ut
919 2586 1105 2678 leges
1171 2586 1644 2657 ecclesiasticae
1711 2606 1783 2658 et
1835 2590 2186 2680 speciatim
2240 2586 2440 2658 bullae
2495 2580 2791 2679 pontifl-

569 2684 697 2756 ciae
752 2688 1261 2781 disciplinans,
1311 2713 1438 2780 qua
1505 2693 1789 2779 mixtae,
1842 2716 1964 2762 non
2033 2709 2292 2762 tantum
2333 2691 2418 2758 ab
2471 2691 2785 2760 auctori-

564 2803 721 2860 tate
785 2791 1147 2879 Ecclesiae,
1208 2795 1332 2858 sed
1390 2792 1475 2858 ab
1521 2795 1802 2880 imperio
1856 2810 1926 2857 et
1979 2792 2456 2878 approbatione
2504 2792 2778 2881 Regum

564 2907 638 2958 et
702 2891 1093 2979 Principum
1154 2889 1566 2955 saecularium
1618 2908 1801 2956 suam
1864 2889 2005 2957 vim
2082 2889 2457 2959 obtineant.
2509 2891 2779 2962 Simili-

562 3006 671 3058 ter
721 2993 929 3059 etiam
970 2988 1569 3165 gauttensttaueh
1616 2989 1757 3085 jam
1811 3009 1972 3065 ante
2038 2991 2283 3065 docuit
2336 2993 2574 3068 Instit.
2628 2997 2776 3092 jur.

564 3094 811 3165 eccles.
852 3098 912 3184 §.
1025 3116 1095 3167 2.

1448 3317 1513 3407 §.
1601 3313 1902 3392 CXVII.

935 3515 1235 3597 Deinde
1266 3517 1407 3622 jus
1458 3538 1827 3618 suprema?
1879 3499 2401 3619 inspectionis.

715 3717 1034 3790 Alterum
1076 3740 1180 3794 est
1208 3723 1322 3816 jus
1364 3740 1679 3815 supremae
1734 3723 2169 3817 inspectionis
2196 3775 2221 3813 ,
2273 3719 2472 3790 situm
2525 3719 2593 3788 in
2624 3736 2761 3813 po·

559 3838 817 3898 testate
849 3829 1284 3919 cognoscendi
1323 3829 1588 3920 omnia,
1627 3851 1771 3919 quae
1811 3830 1880 3895 in
1934 3826 2290 3898 territorio
2349 3825 2669 3913 civitatis
2718 3826 2764 3895 ὰ

557 3951 945 4022 quocumque
1000 3944 1342 4024 geruntur
1384 3981 1406 4020 ‚
1472 3932 1798 4021 dandique
1859 3931 2167 4024 operam,
2219 3945 2293 3999 ut
2334 3951 2414 3999 ne
2461 3930 2624 4022 quid
2667 3950 2763 3998 ex

539 4030 635 4100 iis
694 4032 1100 4134 Respublica
1203 4035 1589 4111 detrimenti
1641 4035 1899 4134 capiat.
1961 4035 2155 4109 Inter
2202 4035 2342 4106 alia
2371 4033 2761 4131 Majestatis
