3275 4784
722 297 813 370 52
1463 272 1885 350 saevio
1986 299 2040 350 n

653 436 908 487 temere
948 414 1485 486 arbitrabantur.
1527 418 1951 487 Benedictum
2005 417 2285 487 levitam
2340 417 2841 508 Moguntinum

646 541 999 590 auctorem
1043 520 1213 589 fecit
1253 522 1675 609 Blondellus,
1715 545 1915 611 quem
1948 521 2036 590 ob
2079 522 2149 588 id
2192 525 2410 610 ipsum
2444 524 2836 616 Emmaus,

656 644 726 694 et
762 628 899 715 jam
941 641 1098 692 ante
1138 609 1322 693 hunc
1373 625 1696 693 Baluzius
1750 623 2289 715 reprehendunt.
2331 626 2569 710 Quare
2610 629 2849 697 credi-

654 729 871 796 derim
894 749 1126 817 ,opus
1166 750 1308 797 esse
1352 727 1647 796 hominis
1688 749 1823 797 non
1864 727 2145 818 quidem
2183 728 2269 795 ab
2310 731 2594 819 ingenio
2634 752 2839 820 pror-

652 854 766 900 sus
807 832 1176 919 destituti,
1214 852 1452 900 verum
1516 831 1783 899 indocti
1824 847 1893 900 et
1932 830 2251 918 obscuri,
2310 831 2551 900 Isidori
2592 833 2848 903 illustri

579 990 583 995 .
652 938 927 1002 nomine
969 932 1302 1002 audacter
1341 936 1588 1022 abusi,
1643 955 1781 1024 quo
1823 931 2098 1002 facilius
2140 937 2431 1003 nominis
2470 936 2667 1005 istius
2705 959 2840 1006 no-

652 1036 884 1107 bilitas
924 1035 1158 1106 fucum
1212 1040 1505 1107 incautis
1570 1035 1855 1106 faceret.
2715 1092 2718 1095 Α

766 1141 1022 1209 SCHOL.
1130 1139 1300 1211 Vid.
1339 1139 1662 1212 Cointius
1701 1143 1770 1210 in
1822 1138 2078 1210 Annal.
2133 1138 2382 1210 Franc.
2436 1156 2591 1210 tom.
2643 1139 2717 1214 6.
2756 1145 2853 1212 ad

654 1264 805 1311 ann.
872 1245 1045 1331 785.
1102 1247 1163 1330 §.
1239 1267 1353 1333 17.
1417 1245 1659 1313 Petrus
1720 1240 2170 1315 Constantius
2235 1246 2303 1312 in
2371 1240 2673 1327 Praefat.
2752 1247 2846 1315 ad

662 1348 862 1436 epist.
894 1347 1085 1415 Rom.
1115 1345 1317 1414 Pont.
1347 1372 1515 1416 num.
1555 1371 1579 1413 1
1601 1361 1718 1433 50.
1748 1370 1924 1437 seqq.
1955 1347 2196 1416 Petrus
2225 1348 2312 1415 de
2341 1347 2581 1415 Marca
2622 1347 2743 1415 lib.
2773 1370 2843 1436 3.

657 1469 801 1537 cap.
854 1474 917 1536 5.
949 1450 1177 1539 Espen
1206 1452 1478 1519 dissert.
1521 1453 1600 1518 de
1637 1451 1924 1520 Collect.
1966 1450 2208 1518 Isidori
2235 1450 2653 1519 Mercator-is
2679 1454 2738 1536 §.
2781 1475 2844 1521 ι.

657 1550 768 1620 De
810 1552 1220 1621 Mercatoris
1285 1571 1516 1623 autem
1569 1576 1691 1623 seu
1733 1554 2121 1623 Peccatoris
2184 1554 2647 1644 appellatione
2703 1555 2853 1643 egit

658 1656 934 1742 copiose
1004 1655 1389 1747 Sylburgus
1456 1658 1544 1724 ad
1602 1659 1869 1727 Histor.
1950 1656 2200 1728 Heinn.
2270 1655 2393 1728 lib.
2463 1677 2533 1728 2.
2584 1659 2647 1743 §.
2727 1653 2852 1751 69.

648 1771 820 1851 pag.
869 1758 1041 1853 898.
1082 1760 1250 1829 edit.
1297 1757 1599 1855 Argent.

1596 1971 1660 2056 §-
1767 1968 1919 2040 XL.

1138 2172 1523 2260 ‘Materia
1559 2179 1866 2258 Codicis
1916 2181 2365 2258 Isidoriani.

817 2382 1186 2452 Materiam
1226 2381 1469 2452 famosi
1508 2382 1795 2453 Codicis
1827 2434 1849 2472 ‚
1887 2407 2091 2473 quem
2129 2385 2474 2474 integrum
2506 2383 2846 2453 M'erlinus

658 2485 732 2550 in
773 2485 1180 2552 collectione
1220 2507 1343 2553 sua
1381 2483 1856 2555 Conciliorum
1897 2486 2163 2572 edidit,
2190 2490 2331 2575 ipse
2363 2488 2717 2577 ‚quisquis
2743 2486 2847 2556 est

661 2602 906 2653 auctor
934 2637 955 2674 ,
994 2588 1064 2655 in
1107 2585 1509 2677 praefatione
1563 2589 1785 2656 edixit
1845 2590 2007 2658 satis
2057 2589 2393 2658 dilucide.
2447 2591 2556 2657 Ex
2595 2613 2730 2679 qua
2773 2591 2848 2658 id

659 2706 972 2777 apertum
1023 2707 1124 2758 est
1155 2741 1177 2778 ‚
1241 2694 1439 2780 quod⁴
1484 2705 1583 2759 est
1625 2688 1667 2758 a
1718 2690 1979 2759 Labheo
2043 2713 2319 2781 quoque
2383 2692 2849 2781 observatum,

661 2790 940 2859 decreta
993 2792 1318 2884 Gregorii
1370 2793 1459 2860 II.
1500 2809 1568 2863 et
1606 2811 1996 2862 ceterorum
2038 2817 2251 2886 usque
2303 2795 2391 2865 ad
2436 2795 2847 2864 Zachariam

662 2893 748 2983 Ρ.
793 2915 833 2959 a
873 2895 1178 2963 Merlino
1214 2898 1555 2986 exscripta
1597 2897 1684 2963 ab
1727 2897 1977 2965 Isidoro
2019 2919 2154 2965 nou
2192 2920 2334 2966 esse
2366 2949 2391 2987 .,
2430 2899 2686 2988 quippe
2729 2901 2850 2988 qui

661 2996 729 3060 in
774 2993 1104 3088 Gregorio
1149 3000 1263 3068 M.
1297 3000 1534 3068 desiit.
1577 2999 1708 3067 Sed
1749 3002 1820 3068 in
1861 3017 2007 3069 tota
2051 2999 2178 3069 hac
2221 3018 2325 3070 tot
2366 3019 2852 3072 monumento·

659 3117 808 3166 rum
850 3104 1174 3190 congerie
1214 3120 1354 3194 prae
1390 3105 1540 3171 aliis
1594 3121 1972 3174 memoratu
2038 3105 2269 3194 dignae
2317 3124 2475 3173 sunt
2517 3104 2849 3193 Epistolae

663 3200 1061 3272 Decretales
1092 3229 1324 3297 ‚quas
1365 3210 1937 3274 sanctissimorum
1991 3210 2226 3297 primae
2277 3210 2493 3276 aetatis
2548 3207 2848 3275 Pontifi-

655 3327 809 3373 cum
854 3308 1240 3377 nominibus
1276 3312 1576 3400 insignes
1615 3313 1874 3399 primus
1912 3306 2213 3379 omnium
2260 3311 2580 3400 vulgavit
2617 3312 2848 3399 turpis

657 3410 1026 3498 impostor,
1065 3433 1223 3502 spe,
1261 3429 1336 3480 ut
1375 3429 1661 3481 eventus
1702 3413 1995 3502 docuit,
2031 3411 2220 3480 haud
2265 3434 2477 3499 vana,
2517 3410 2724 3498 fore,
2764 3429 2846 3480 ut

669 3510 796 3578 sub
838 3510 964 3579 hac
1003 3534 1294 3602 persona
1333 3514 1535 3582 dolus
1574 3515 1816 3582 lateret
1857 3511 2157 3583 facilius.
2187 3512 2283 3582 Ut
2310 3537 2397 3582 ne
2428 3515 2577 3604 quis
2618 3529 2850 3584 autem
2911 3519 2916 3522 ’

661 3615 843 3681 inter
881 3613 1003 3682 has
1043 3614 1285 3684 Isidori
1312 3615 1398 3684 ab
1438 3618 1752 3685 omnibus
1780 3634 2127 3708 tamquam
2166 3615 2596 3706 apocryphas
2640 3616 2852 3706 rejec-

664 3731 765 3782 tas
813 3718 1181 3807 epistolam,
1221 3742 1334 3787 eas
1365 3741 1646 3811 quoque
1703 3738 2154 3811 percenseat..
2194 3742 2345 3807 quae
2406 3718 2593 3809 apud
2634 3722 2853 3810 scrip-

658 3833 841 3885 tores
904 3822 1138 3911 primae
1202 3824 1418 3892 aetatis
1465 3839 1985 3910 memorantur,
2041 3820 2424 3914 cujusmodi
2493 3838 2595 3890 est
2655 3825 2858 3913 prior

654 3921 1014 3990 Clementis
1041 3925 1127 3992 ad
1156 3923 1593 4015 Corinthios,
1630 3925 1932 3992 Cornelii
1969 3925 2151 4013 apud
2189 3921 2663 4015 Cyprianum‚
2704 3922 2846 4044 Ju-

648 4026 737 4093 lii
797 4026 983 4118 apud
1035 4026 1551 4120 Athanasium,
1614 4026 1914 4099 aliorum
1978 4027 2200 4098 alibi·
2179 4079 2221 4121 ,
2264 4049 2490 4124 operae
2544 4031 2844 4122 pretium
