3275 4784
675 228 815 302 166
1434 248 1816 302 SECTIO
1928 250 1982 298 1.

624 388 934 459 servato,
965 364 1159 454 finem
1194 372 1331 461 ipsi
1361 373 1568 461 primi
1609 372 2065 438 obtulerunt...
2107 368 2248 438 Sed
2294 369 2407 438 illi
2436 372 2709 462 pariter
2745 380 2812 451 in

617 498 696 541 ea
738 478 918 542 vitia
961 477 1172 542 omnia
1223 477 1574 565 aliquando
1603 477 1986 561 incurrunt,
2028 496 2168 569 quae
2212 474 2283 540 P.
2327 474 2610 545 Labbeo
2649 485 2806 569 qui-

607 580 753 645 dam
809 579 1062 646 Critici
1113 580 1489 667 objiciunt3
1559 579 1881 666 siquidem
1958 579 2360 644 invexerunt
2414 580 2800 654 intextum

600 681 956 766 lectiones,
996 703 1156 769 quas
1198 682 1430 751 Surius
1458 685 1528 748 in
1572 684 1872 772 margine
1911 682 2314 747 collocarat:
2361 683 2565 769 plura
2605 688 2797 755 arbi-

595 787 733 853 trio
774 809 885 852 suo
914 788 1053 851 loca
1085 789 1537 853 emendarunt:
1581 787 2008 852 immutarunt
2027 781 2186 867 fere
2228 784 2462 872 ubique
2500 791 2789 859 ordinem

591 903 659 954 et
701 903 960 956 textum
1006 888 1365 956 latinarum
1395 891 1770 980 priscarum
1824 889 2453 976 interpretationum
2482 939 2506 975 .,
2544 909 2616 959 et
2642 910 2777 982 pe-

589 992 883 1058 culiares
930 1007 1389 1082 expunxerunt
1430 992 1921 1061 ohservationes
1962 1013 2176 1058 eorum
2207 1041 2229 1077 ,
2271 992 2383 1079 qui
2424 996 2788 1065 earumdem

592 1111 785 1161 erant
828 1112 1158 1164 auctores.
1198 1095 1409 1164 Card.
1468 1096 1884 1163 Bellarmino
1951 1094 2260 1161 vertitur·
2319 1095 2582 1183 culpae,
2621 1102 2796 1186 quod

590 1196 956 1265 Concilium
998 1198 1379 1267 Basileense
1416 1200 1682 1288 ejusque
1748 1215 1900 1265 acta
1942 1197 2024 1264 ab
2077 1196 2203 1264 hac
2256 1198 2548 1265 editione
2606 1218 2787 1270 tam·-

593 1322 782 1388 quam
810 1297 1003 1384 falsa
1047 1319 1372 1392 expuncta
1415 1300 1712 1386 fuerint.
1758 1301 2030 1367 Nullum
2083 1299 2196 1367 hic
2235 1322 2388 1365 sane
2426 1301 2631 1369 locum
2673 1303 2790 1373 ha·

597 1403 752 1471 bent
781 1454 800 1492 ,
841 1428 1247 1495 quaecumque
1289 1425 1584 1495 supremo
1623 1395 1943 1487 Pontifici
1987 1403 2201 1471 minus·
2219 1398 2493 1485 favent.
2537 1405 2791 1474 Viden·

592 1522 707 1574 tur
736 1510 907 1575 enim
959 1511 1253 1578 editores
1303 1509 1642 1600 peculiari
1693 1510 1967 1597 quodam
2009 1507 2241 1574 studio
2274 1506 2354 1573 S.
2394 1505 2595 1575 Sedis
2620 1512 2785 1600 pri-

597 1611 860 1701 vilegia
903 1612 1119 1679 tueri.

695 1734 765 1798 7.
878 1710 1088 1781 Nunc
1125 1714 1215 1780 ad
1256 1715 1435 1783 Binii
1468 1712 1938 1783 Collectiones
1967 1714 2173 1782 venio
2195 1762 2220 1803 ‚
2249 1733 2538 1803 quarum
2568 1715 2789 1805 prima*

588 1813 815 1883 Colon.
859 1837 1008 1884 ann.
1046 1841 1070 1882 1
1091 1813 1272 1887 606.
1295 1818 1552 1908 publici
1576 1820 1745 1910 juris
1777 1815 1999 1903 facta,
2029 1816 2245 1884 Paulo
2273 1816 2368 1886 V.
2398 1820 2628 1887 dicata
2655 1837 2779 1893 est.

592 1914 880 1986 Constat
922 1920 1389 1991 voluminibus
1426 1940 1726 2012 quatuor
1757 1971 1781 2010 ‚
1829 1922 2036 1989 tertio
2079 1922 2149 1987 in
2190 1920 2362 1988 duas
2403 1939 2627 2011 partes
2663 1925 2783 1992 di·-

584 2023 760 2089 viso·
799 2020 1310 2114 Complectitur
1347 2024 1665 2095 Concilia
1705 2040 1848 2094 tam
1886 2023 2271 2116 generalia,
2312 2046 2515 2115 quam
2561 2028 2784 2115 parti·-

581 2126 842 2195 cularia
874 2176 896 2215 ‚
958 2130 1242 2219 adjectis
1281 2129 1546 2220 ubique
1567 2130 1762 2198 ’notis
1801 2132 1873 2196 in
1910 2129 2045 2196 fine
2098 2127 2429 2219 cujusque
2481 2126 2780 2201 Concilii

588 2250 676 2296 ex
727 2230 1006 2299 Batonii
1064 2229 1210 2301 fere
1257 2233 1624 2303 annalibus
1684 2233 2051 2324 decerptis.
2110 2233 2354 2301 Altera
2391 2231 2479 2300 ab
2536 2234 2782 2304 eodem

581 2330 902 2402 confecta
944 2337 1205 2425 prodiit
1247 2361 1397 2407 ann.
1451 2333 1673 2405 1618..
1710 2340 2005 2426 repetita
2057 2334 2287 2404 Paris.
2354 2359 2503 2404 ann.
2554 2332 2641 2404 16
2658 2332 2781 2424 36.

581 2434 788 2503 Binio
825 2436 1077 2524 objecit
1123 2434 1438 2507 Usserius
1471 2488 1493 2526 ‚
1546 2440 1944 2506 emendasse*
1997 2439 2190 2505 illum
2230 2461 2351 2507 seu
2393 2441 2782 2530 corrupisse

577 2540 808 2626 potius
861 2539 1057 2626 plura
1126 2556 1439 2609 veterum
1491 2536 1967 2609 Conciliorum
2018 2539 2221 2627 loca,
2275 2540 2468 2608 nulla
2533 2563 2788 2611 manu-

576 2642 986 2731 scriptorum
1029 2638 1264 2709 habita
1306 2645 1599 2712 ratione.
1641 2641 1816 2710 Vid.
1856 2644 2064 2709 etiam
2121 2642 2417 2710 Salmon.
2461 2644 2586 2713 loc.
2652 2646 2779 2717 cit.

580 2764 728 2836 cap.
775 2765 843 2810 2.
884 2759 1022 2811 art.
1063 2766 1126 2810 1.
1166 2746 1222 2828 §.
1270 2745 1336 2812 8.
1382 2767 1454 2837 9.
1495 2762 1642 2833 cap.
1686 2744 1757 2816 6.
1798 2759 1936 2812 art.
1985 2745 2052 2811 8.
2097 2761 2167 2811 et
2215 2765 2292 2836 9.
2479 2746 2484 2750 ’

691 2849 758 2914 8.
837 2844 1101 2913 Verum
1127 2859 1407 2935 prae‘st‘at
1432 2845 1752 2915 omnibus
1788 2845 2287 2935 superioribus,
2315 2863 2384 2915 et
2414 2849 2636 2920 nitore
2665 2867 2779 2938 ty-

583 2951 651 3039 pi
694 2965 903 3038 atque
941 2948 1285 3038 elegantia
1313 2998 1341 3038 5
1375 2967 1444 3018 et
1485 2950 1917 3018 voluminum
1977 2968 2261 3018 numero
2301 2950 2531 3042 Regia
2565 3004 2589 3042 ‚
2627 2976 2778 3044 quse

580 3049 812 3119 Paris.
846 3069 994 3119 ann.
1044 3046 1264 3141 1644.
1306 3055 1593 3144 vulgata
1636 3069 1782 3140 est,
1821 3054 1894 3120 in
1934 3068 2160 3120 tomos
2193 3054 2483 3144 triginta
2520 3074 2589 3126 et
2617 3079 2775 3146 sep-

584 3171 721 3233 tem
762 3155 1042 3225 diffusa.
1070 3154 1271 3225 Licet
1297 3172 1530 3225 autem
1558 3176 1821 3224 summo
1855 3171 2189 3225 exornata
2218 3175 2589 3246 apparatu,
2616 3179 2777 3247 pro·

583 3257 747 3327 bare
772 3282 842 3328 se
882 3279 1109 3328 tamen
1152 3282 1237 3329 ne
1275 3262 1440 3351 ipsis
1481 3260 1762 3351 quidem
1790 3258 2013 3329 Gallis
2045 3262 2297 3350 potuit.
2326 3257 2616 3329 Causam
2648 3260 2774 3328 da-

586 3360 686 3429 bit
715 3363 988 3434 Salmon
1016 3364 1140 3432 loc.
1167 3364 1290 3432 cit.
1318 3382 1466 3455 cap.
1502 3385 1569 3432 2.
1599 3381 1741 3432 art.
1780 3387 1842 3431 1.
1872 3366 1932 3449 §.
1977 3384 2089 3430 10.
2119 3377 2185 3430 et
2215 3373 2363 3451 cap.
2394 3359 2465 3429 6.
2494 3378 2627 3429 art.
2657 3385 2772 3434 10.

689 3485 760 3553 9.
870 3467 1101 3549 Quam
1130 3465 1387 3534 obrem
1414 3490 1492 3536 ea
1521 3471 1644 3536 vix
1673 3469 2002 3536 distracta
2029 3481 2157 3551 est,
2186 3486 2397 3553 quum
2425 3465 2514 3531 ad
2541 3487 2772 3533 emen-

578 3565 875 3634 dandam
921 3570 1105 3636 illam
1143 3570 1662 3661 auctioremque
1688 3569 1899 3661 praelo
1944 3567 2433 3658 subjiciendam
2464 3569 2767 3637 animum

575 3668 827 3757 adjecit
858 3668 1213 3759 Philippus
1242 3671 1596 3760 Labbeus,
1625 3675 1736 3741 vir
1763 3693 1980 3762 prope
2006 3693 2212 3759 supra
2242 3671 2422 3738 vires
2463 3669 2759 3739 hominis

588 3773 994 3843 laboriosus.
1038 3773 1291 3862 Neque
1342 3798 1512 3845 vero
1561 3778 1937 3867 imparatus
1974 3773 2064 3840 ad
2106 3772 2237 3840 hoc
2278 3792 2450 3863 opus
2490 3776 2774 3844 accessit

585 3877 953 3946 Labbeus:
993 3875 1258 3944 dudum
1302 3880 1482 3946 enim
1522 3896 1680 3948 ante
1715 3881 1851 3970 jam
1890 3876 2303 3966 collegerat,
2344 3899 2495 3968 quae
2522 3878 2774 3949 idonea

591 3981 1010 4054 existimavit
1052 3979 1145 4049 ad
1181 3981 1563 4053 ornandum
1600 3982 1785 4053 hunc
1825 3978 2239 4051 eruditionis
2264 4003 2470 4051 sacrae
2497 3981 2797 4068 thesaur
