3275 4784
624 255 769 348 2-18
1361 268 1789 330 seez-so
1872 269 1994 326 ιι.

609 391 893 467 Eckard
944 397 1003 482 ς.
1046 416 1169 485 45.
1211 389 1459 465 Daries
1508 409 1669 463 tom.
1735 414 1800 462 1.
1837 390 2097 462 obser-v.
2130 387 2279 485 jur.
2328 409 2473 465 nat.
2517 409 2585 470 et
2632 415 2808 494 gent

614 501 874 572 observ.
909 522 1029 571 22.
1459 505 1536 566 J·
1692 513 1706 564 Γ

713 606 974 678 Senot..
1080 601 1191 675 De
1246 603 1488 698 regula
1526 603 2134 678 Hermeneuticae:
2174 596 2601 689 favorabilia
2652 630 2809 681 sunt

599 708 1051 800 extendenda,
1112 704 1338 782 odiosa
1389 702 1891 801 restringenda.
1942 700 2120 775 Vid.
2172 700 2419 773 Da-rIes
2478 705 2604 778 loc.
2663 712 2788 802 clt.

613 811 870 884 observ.
928 833 1051 904 23.
2464 808 2477 815 ⁴
2678 806 2691 814 ’

1494 1033 1557 1121 §-
1661 1025 1919 1103 CCIV.

993 1229 1230 1334 [Quid
1273 1228 1718 1311 authentica
1739 1288 1764 1326 ‚
1822 1227 2004 1330 quid
2045 1232 2387 1312 usualis?

754 1436 936 1525 Quae
974 1435 1306 1508 adhibitis
1359 1438 1914 1510 Hermeneuticae
1979 1434 2236 1529 regulis
2282 1456 2527 1508 verum
2575 1458 2793 1511 cano—

602 1542 710 1612 nis
747 1564 1014 1612 sensum
1052 1545 1430 1633 investigat
1454 1544 1980 1634 interpretatio,
2017 1558 2310 1612 vocatur
2339 1541 2790 1614 Doctrinalis.

589 1645 1026 1716 Anthentica
1075 1646 1388 1733 dicitur,
1426 1645 1705 1738 quaelab
1758 1650 1908 1736 ipso
1960 1644 2041 1716 fit
2094 1661 2379 1715 auctore
2430 1648 2656 1739 legis,
2719 1664 2794 1720 et

599 1749 904 1835 usualis,
956 1747 1126 1816 dum
1186 1750 1593 1817 sententiam
1646 1746 1882 1817 dubiae
1933 1746 2106 1837 legis
2162 1770 2249 1814 ex
2289 1752 2791 1821 consuetudine

595 1851 1044 1940 explicamus.
1096 1847 1250 1919 Etsi
1291 1871 1459 1920 vero
1499 1866 1748 1920 neutra
1783 1852 1876 1920 ad
1914 1851 2179 1940 species
2203 1852 2792 1941 interpretationis

593 1971 782 2024 recte
836 1954 1048 2044 possit
1100 1950 1347 2023 referri
1377 2004 1402 2042 ‚
1465 1975 1645 2046 saepe
1697 1971 1927 2026 tamen
1976 1951 2270 2021 suadere
2325 1957 2503 2024 ratio
2543 1972 2793 2047 potest,

587 2070 671 2130 ut
721 2058 1205 2150 interpretatio
1240 2056 1411 2149 legis
1452 2058 1567 2127 vel
1606 2055 1650 2126 ἐι
1690 2058 2084 2148 legislatore
2137 2057 2290 2145 ipso
2316 2107 2340 2147 ,
2376 2059 2488 2128 vel
2529 2055 2569 2126 ὲ
2606 2081 2779 2129 con·-

573 2161 961 2234 ,suetudine
1015 2178 1226 2252 atque
1266 2161 1708 2232 observantia
1756 2178 2055 2252 petatur.
2107 2158 2303 2245 Quid
2341 2161 2397 2228 si
2450 2162 2630 2231 enim
2670 2163 2783 2233 lex

593 2267 936 2357 quaepiam
972 2265 1068 2340 ita
1110 2264 1398 2336 obscura
1438 2267 1528 2334 sit
1556 2314 1582 2357 ‚
1618 2266 1716 2334 ita
1754 2265 2118 2356 ambigua,
2158 2277 2235 2332 ut
2273 2285 2424 2354 quae
2476 2263 2583 2332 illi
2623 2287 2783 2334 senf-

573 2371 808 2439 -tentia
864 2370 1321 2456 insit,'nullo
1388 2370 1602 2459 possit
1666 2368 1966 2440 artificio
2033 2366 2238 2435 elici?
2292 2385 2368 2438 ut
2422 2368 2602 2436 enim
2641 2391 2781 2439 suae

579 2473 881 2560 ,quisque
947 2472 1190 2537 mentis
1230 2471 1359 2538 sibi
1414 2472 1710 2536 maxime
1756 2472 2070 2536 conscius
2124 2485 2279 2558 est,
2337 2473 2438 2539 ita
2477 2471 2782 2541 dubitari

573 2591 732 2646 ‚non
770 2586 996 2663 potest
1023 2619 1044 2658 ‚
1083 2572 1251 2660 quin
1286 2592 1374 2638 ex
1424 2567 1631 2638 factis
1670 2588 1949 2657 eorum,
1989 2569 2080 2638 de
2121 2590 2414 2659 quorum
2455 2577 2783 2646 volunta-

588 2688 659 2744 te
704 2675 1074 2766 quaeritur,
1110 2673 1202 2741 ad
1243 2672 1769 2762 intelligendam
1809 2694 2050 2742 eorum
2087 2691 2380 2741 mentem
2421 2677 2785 2765 conjectu-

570 2797 667 2848 -ra
702 2778 866 2845 duci
909 2776 1146 2866 possit.
1188 2775 1342 2842 Hae
1387 2776 1655 2842 ratione
1696 2775 1865 2841 scite
1902 2774 2354 2842 Callistratus
2395 2775 2663 2864 ajebat}
2696 2781 2787 2848 Si

584 2880 668 2947 de
707 2877 1266 2968 interpretatione
1292 2877 1467 2968 legis
1498 2889 1880 2965 quaeratur,
1921 2876 1988 2941 in
2019 2875 2263 2965 primis
2303 2878 2783 2968 inspiciendum

588 2983 693 3048 est'
720 3030 741 3069 ‚
780 3002 904 3070 quo
944 2979 1102 3070 jure
1141 2980 1393 3048 civitas
1442 2993 1627 3049 retro
1667 2979 1735 3047 in
1775 2978 2090 3071 ejusmodi
2128 2977 2387 3048 casibus
2440 3003 2556 3050 usa
2583 2980 2779 3068 fuis-

576 3099 681 3162 set
710 3105 733 3153 τ
773 3084 1025 3175 optima
1066 3085 1235 3155 enim
1263 3100 1366 3154 est
1392 3084 1613 3179 legum
1647 3082 2054 3176 interpretes
2082 3085 2497 3156 consuetudo.
2525 3085 2609 3157 L.
2646 3109 2785 3175 37..

594 3190 677 3257 de
728 3187 941 3281 legib.
1005 3253 1008 3256 ,

687 3290 946 3363 Senot..
1051 3288 1265 3362 Conf.
1327 3287 1586 3364 Christ.
1663 3287 2073 3362 Thomasius
2138 3291 2211 3360 in
2276 3291 2437 3361 diss.
2506 3292 2586 3361 de
2627 3290 2776 3386 jur.

585 3412 875 3470 consuet.
917 3411 985 3466 et
1024 3396 1285 3468 observ.
1324 3400 1386 3483 §.
1436 3419 1551 3468 12.
1592 3412 1662 3468 et
1704 3394 1984 3469 Eckard
2027 3398 2087 3483 §.
2137 3416 2253 3484 37.
2298 3417 2433 3487 seq.

1478 3619 1539 3703 §.
1671 3613 1892 3688 CCV.

1132 3812 1349 3910 ,Quid
1399 3838 1498 3889 ex
1531 3816 1894 3913 analogia
1934 3810 2239 3912 petita?

746 4011 1091 4103 Quoniam
1130 4013 1348 4086 multa
1384 4017 1457 4085 in
1512 4014 1821 4090 Ecclesia
1859 4021 2145 4110 negotia
2182 4017 2357 4104 sint,
2392 4037 2518 4085 nec
2552 4035 2768 4086 cano-
