3275 4784
1235 283 1246 296 -
1315 250 1664 307 CAPUT
1776 227 1886 306 τι.
2482 252 2621 331 193

472 356 869 462 vindicare,
906 373 1127 443 aut'si
1161 374 1253 445 sit
1288 371 1677 465 ejusmodi,
1715 370 1925 444 facile
1974 388 2057 445 ut
2104 388 2433 465 appareat
2494 395 2651 448 mo÷

435 473 627 545 111·oe
683 475 1187 568 inquirentibus
1212 527 1236 568 ,
1273 478 1550 546 initium
1598 477 1745 568 ejus
1782 497 1934 546 aevo
1972 476 2379 567 Apostolico
2416 496 2651 570 poste-³·

455 577 599 647 rius
649 602 792 648 esse
819 629 843 668 ‚
878 579 1059 649 inter
1096 580 1614 650 Ecclesiasticus
1650 580 2207 649 connumeranda
2244 582 2333 650 sit
2359 630 2382 668 ,
2417 583 2649 678 cujus·
2690 643 2693 648 .

449 681 642 751 modi
668 699 768 752 est
798 681 888 751 de
907 680 1242 753 Sabbathi
1265 682 1564 776 jejunio,
1588 681 1681 751 de
1707 701 1850 774 quo
1881 701 2101 773 nuper
2125 704 2211 751 ex
2235 683 2644 756 Innocentio

448 786 867 855 mentionem
906 783 1131 875 injeci.
1170 782 1362 856 Cave
1401 803 1672 875 autern,
1709 806 1919 878 quam
1958 800 2227 856 veteres
2254 783 2636 876 Scriptores
2734 789 2744 796 ’

440 882 909 976 Apostolicam
942 888 1375 958 traditionem
1413 905 1709 977 vocant,
1746 908 1895 958 eam
1935 890 2266 957 continuo
2302 889 2453 959 solo
2491 907 2628 960 ινα-ὀ

440 987 674 1058 cabuli
737 1005 1149 1081 argumento
1200 1011 1327 1083 pro
1375 992 1499 1062 tali
1550 988 1829 1062 habeas.
1881 990 2154 1062 Morem
2201 992 2382 1061 enim
2417 988 2631 1065 fuisse

441 1090 746 1181 antiquis
781 1094 921 1163 illis
947 1142 971 1182 ,
1010 1095 1239 1183 viros,
1277 1096 1396 1186 qui
1439 1094 1747 1185 proxime
1789 1110 1942 1185 post
1981 1094 2353 1183 Apostolos
2395 1093 2634 1167 Eccle-

434 1191 551 1259 siis
590 1190 1144 1267 Christianorum
1173 1193 1645 1290 praefuerunt,
1683 1197 2075 1289 augustiori
2107 1198 2376 1266 nornine
2406 1196 2625 1287 Apos-

433 1294 674 1364 tblicos
709 1298 895 1370 viros
920 1298 1192 1389 dicere,
1220 1316 1301 1370 ut
1324 1299 1798 1369 Tertullianus
1824 1315 2141 1369 testatur.
2171 1297 2332 1379 Qua
2367 1320 2440 1369 re
2470 1298 2629 1369 fac-

436 1409 585 1465 tum
621 1417 761 1490 est,
800 1418 884 1471 ut
917 1420 1069 1493 quae
1102 1403 1389 1494 antiqua
1426 1419 1651 1474 essent
1687 1416 1760 1472 et
1811 1401 2041 1472 vicina
2081 1401 2468 1490 originibus
2509 1403 2626 1471 in·

432 1499 729 1593 stituta,
787 1502 1190 1597 Apostolica
1241 1503 1590 1575 interdum
1643 1504 2089 1574 dicerentur·
2146 1503 2338 1593 quod
2398 1505 2624 1614 ipsum

431 1599 554 1678 de
584 1606 963 1677 canonibus
1016 1607 1435 1700 Apostolicis
1496 1606 1903 1700 conjiciebat
1928 1654 1954 1697 ‚
2017 1607 2080 1675 si
2130 1605 2343 1722 modo
2408 1608 2625 1700 recte,

426 1702 864 1779 doctissimus
902 1709 1405 1803 Albaspinaeus.
1860 1743 1866 1749 ·

531 1805 716 1880 Con.
748 1808 882 1882 111.
986 1810 1178 1884 Cave
1242 1833 1453 1906 porro
1513 1812 1972 1884 vocabulorum
2027 1812 2485 1885 similitudine
2537 1831 2615 1887 te

425 1911 605 1981 sinas
642 1912 871 2006 decipi
901 1965 925 2004 ‚
963 1933 1041 1986 ut
1079 1940 1206 2008 pro
1247 1918 1470 1987 veteri
1517 1917 1837 1987 instituto
1886 1915 2240 2004 vendites,
2291 1917 2483 2008 quod
2523 1942 2626 1990 ae-

427 2027 529 2082 tas
567 2019 913 2088 recentior
947 2021 1243 2090 invexit.
1279 2019 1518 2086 Multa
1557 2040 1849 2107 namque
1885 2016 2068 2086 nobis
2095 2025 2163 2085 'et
2183 2020 2438 2107 priscis
2466 2019 2623 2089 Pa·

420 2116 645 2187 tribus
696 2120 1015 2189 vocabula
1078 2121 1434 2204 commvnia
1479 2121 1842 2188 *retinemus
1869 2167 1893 2207 ,
1946 2119 2064 2186 sed
2118 2127 2310 2186 'sensu
2360 2122 2446 2189 ab
2484 2124 2622 2210 ‘eo‘,

417 2238 604 2309 quem
641 2236 797 2292 tunc
821 2221 1204 2340 stubebant,
1241 2245 1364 2291 non
1402 2221 1612 2290 minus
1652 2221 1909 2310 alieno,
1940 2240 2136 2309 qnam
2173 2236 2406 2289 nostra
2449 2238 2619 2290 tem·
2661 2247 2667 2252 ·

409 2337 585 2412 pora
636 2322 679 2391 ὸ
701 2325 960 2413 primis
1014 2341 1171 2415 post
1224 2323 1578 2395 Christum
1642 2322 1900 2392 seculis
1962 2336 2217 2391 remota
2284 2336 2486 2391 sunt.
2516 2323 2622 2395 ιιι

405 2423 549 2514 jam
587 2424 856 2498 dudum
903 2426 1284 2517 prudenter
1334 2427 1603 2500 monuit
1656 2422 1874 2497 Card.
1926 2423 2118 2501 Bona
2162 2446 2303 2497 rer.
2366 2426 2621 2527 liturg.

416 2524 1879 2623 lib-1.cap.18·.§.1.·
2345 2565 2351 2571 ·

1302 2740 1364 2825 S.
1484 2734 1799 2810 CLI-Vc.

456 2944 941 3025 Traditiones
989 2955 1149 3048 piae
1182 2965 1265 3028 et
1311 2953 1680 3051 vulgares
1712 2899 1868 3049 =quo
1924 2950 2079 3027 Ioco
2131 2949 2552 3030 habendae.
2526 2951 2562 3007 ²

562 3143 867 3239 Cetera,
917 3173 1070 3242 quae
1131 3148 1528 3220 illustrandi
1568 3148 1773 3241 hujus
1825 3149 1964 3217 loci
2012 3169 2217 3218 causa
2258 3149 2398 3219 dici
2440 3173 2609 3241 pos-

405 3264 594 3339 sent,
630 3254 953 3341 quoniam
992 3254 1081 3324 ab
1117 3255 1442 3340 instituto
1481 3272 1635 3322 meo
1675 3251 2049 3321 remotiora
2080 3266 2240 3320 sunt
2269 3300 2298 3340 ,
2336 3255 2609 3323 omitto.

402 3351 564 3422 Hoc
599 3353 827 3450 add03
866 3354 1132 3447 liquere
1167 3378 1255 3426 ex
1291 3357 1418 3444 iis,
1457 3377 1611 3446 quae
1654 3355 1843 3424 dicta
1882 3369 2092 3442 sunt,
2127 3350 2616 3428 manifestissist

403 3465 565 3542 me,
601 3467 737 3525 non
775 3474 914 3527 tam
960 3462 1032 3528 in
1083 3453 1534 3528 admittendis
1584 3454 2076 3527 ιτειᾱίιίόιιιὶιΰζ
2129 3451 2423 3525 fa'cssem-
2440 3478 2610 3529 esse

406 3549 847 3629 Catholicam
884 3560 1304 3649 Ecclesiam,
1331 3577 1407 3631 ut
1434 3559 1611 3629 nihil
1636 3562 1726 3629 sit
1754 3561 2140 3650 ineptarum
2180 3555 2611 3676 fabularum,

400 3656 615 3729 modo
662 3662 968 3753 aliquam
1031 3664 1311 3754 pietatis
1365 3664 1663 3755 speciem
1732 3658 2185 3758 praese'ferat,
2211 3649 2451 3754 quod
2468 3677 2607 3735 non

408 3760 843 3878 amplexetur
906 3767 1160 3866 avide,
1211 3788 1291 3836 ac
1354 3767 1661 3838 studiose
1718 3781 2117 3859 propaget
2138 3765 2201 3835 A
2252 3787 2395 3858 quo
2444 3788 2608 3839 sane

400 3857 591 3932 vitio
630 3878 905 3936 tantum
955 3868 1203 3959 abest,
1240 3887 1318 3942 ut
1358 3889 1540 3962 :egre
1580 3892 1662 3941 ac
1700 3869 2015 3964 timidius
2052 3835 2418 3940 interdum
2450 3870 2606 3944 illas

407 3983 688 4057 quoque
722 3967 797 4037 in
836 3970 1101 4063 populo
1154 3973 1506 4068 patiatur,
1499 3993 1685 4066 quae
1721 3975 1993 4045 tametsi
2033 3973 2361 4066 pietatem*
2396 3971 2607 4042 mini·

1779 4089 1879 4163 25

1744 4378 1799 4408 xx
