3275 4784
681 248 773 324 16
1412 265 1834 321 -ssscrto
1915 269 1971 319 ι.

577 434 585 463 ι
625 392 855 466 annal.
895 389 988 461 ad
1020 413 1170 461 ann.
1220 408 1385 459 102.
1425 415 1491 460 n.
1551 411 1665 483 19·
1720 393 1996 461 omnino
2048 390 2352 482 spurium
2406 404 2532 461 est.
2584 386 2796 465 Conf.

624 497 878 578 Joann.
928 495 1238 565 Dallaeus.
1280 494 1400 562 lib.
1453 516 1521 563 2.
1571 495 1652 562 de
1692 493 1937 561 Pseud.
1991 496 2212 586 epigr.
2268 493 2586 585 Apostol.
2649 515 2797 588 cap.

628 619 752 669 22.
794 621 914 687 25.
956 599 1207 688 Pagius
1245 599 1314 666 in
1352 599 1514 666 crit.
1552 599 1645 667 ad
1690 620 1839 666 ann.
1901 592 2020 683 56.
2074 598 2344 665 Natalis
2404 601 2799 667 Alexander

623 702 800 770 Saec.
844 702 893 769 1.
937 701 1206 769 dissert.
1252 721 1371 770 20.
1408 700 1659 770 Gibert
1697 703 1769 768 in
1810 715 1964 768 nota
2006 701 2297 790 subjecta
2340 700 2623 792 Espenii
2664 703 2802 768 dis-

618 805 984 872 sertatiom·
1031 804 1102 872 in
1137 804 1465 896 Synodum
1514 805 1859 873 Nicaenam
1911 805 2248 874 secundam
2299 806 2357 890 §.
2408 824 2479 895 9.
2532 820 2602 874 et
2656 803 2797 873 Fa-

629 903 885 976 bricius
927 907 1052 978 loc.
1091 909 1215 977 cit.
1242 925 1417 1002 pag.
1465 903 1634 996 336.

1547 1108 1606 1192 §·
1716 1104 1909 1175 xm.

966 1305 1085 1382 Et
1151 1304 1643 1382 Suc-cessores
1706 1306 2006 1380 illorum
2066 1303 2461 1402 Episcopi.

781 1527 1278 1620 Apostolorum
1316 1530 1673 1620 exemplo,
1710 1529 1829 1619 qui
1871 1545 2023 1620 post
2064 1526 2217 1597 illos
2244 1523 2799 1599 Christianorum

619 1631 949 1701 Ecclesiis
989 1631 1442 1720 praesidebant
1482 1633 1845 1722 Episcopi,
1884 1634 2048 1720 quin
2088 1649 2156 1698 et
2196 1632 2365 1719 ipsi,
2405 1653 2573 1720 quas
2610 1634 2802 1720 quis·

582 1796 589 1804 .
623 1757 759 1824 que
795 1737 1008 1803 coetui
1048 1757 1173 1803 suo
1214 1735 1418 1803 utiles
1452 1736 1839 1824 judicavit,
1882 1751 2209 1823 aptasque
2239 1735 2424 1824 leges
2455 1737 2806 1824 praescrip-

580 1876 584 1881 »
629 1840 878 1925 serint,
942 1858 1060 1905 seu
1126 1839 1380 1929 singuli
1435 1840 1764 1925 seorsim,
1817 1859 1937 1906 seu
1991 1838 2396 1926 congregati
2450 1838 2520 1904 in
2574 1836 2802 1921 Syno-

624 1939 774 2028 dis,
810 1939 1131 2008 dubitare
1173 1962 1293 2008 nos
1334 1942 1608 2009 minime
1651 1943 1881 2008 sinunt
1920 1942 2221 2025 sincera,
2264 1940 2529 2006 tametsi
2581 1961 2802 2028 pauca

516 2108 519 2111 ,
622 2045 857 2132 primae
908 2042 1108 2132 hujus
1157 2045 1375 2111 aetatis
1418 2044 1902 2111 Ecclesiastica
1955 2059 2413 2109 monumenta.
2468 2038 2798 2128 Copiosas

538 2136 541 2141 ’
619 2145 904 2236 quidem
943 2161 1012 2212 et
1052 2141 1447 2236 frequentes
1484 2145 1988 2236 Episcoporum
2016 2144 2329 2229 Synodos
2361 2165 2495 2211 non
2526 2139 2796 2210 ferebat

619 2250 855 2340 primis
881 2250 1145 2319 saeculis
1172 2251 1544 2340 suspiciosa
1571 2248 2117 2340 Magistratuum
2147 2247 2607 2314 Romanorum
2638 2247 2789 2311 avi-

620 2353 841 2440 ditaS,
878 2355 991 2420 cui
1031 2374 1151 2441 per
1185 2354 1372 2439 leges
1401 2355 1672 2421 mitium
1700 2353 1907 2420 etiam
1939 2352 2434 2439 Imperatorum
2465 2350 2535 2415 in
2563 2345 2795 2414 Chris·

618 2456 842 2522 tianos
882 2456 1173 2518 maxime
1216 2452 1619 2540 Praepositos
1651 2500 1674 2538 ,
1723 2453 1990 2517 crudeli
2044 2472 2191 2517 esse
2245 2453 2523 2539 impune
2574 2450 2798 2519 licuit:

623 2557 866 2624 coiisse
904 2571 1167 2644 tamen,
1203 2559 1476 2644 quoties
1527 2553 2019 2638 intermitteret
2070 2553 2352 2618 saeviens
2406 2568 2796 2644 tempestas,
2881 2619 2887 2625 ,

626 2673 699 2727 et
748 2656 1125 2726 condendis
1179 2658 1386 2726 etiam
1425 2653 1824 2737 Canonibus
1878 2654 2118 2744 pietati
2173 2653 2519 2745 fidelium,
2570 2655 2798 2722 ordini

618 2782 700 2830 ac
739 2760 1119 2851 disciplinae
1146 2759 1858 2848 publicae-consultum
1900 2758 2103 2824 ivisse
2144 2754 2468 2824 Eusebius
2498 2757 2692 2824 nobis
2718 2779 2799 2825 ac

624 2863 1039 2955 Cyprianus,
1086 2878 1158 2932 et
1208 2863 1328 2953 qui
1370 2861 1558 2951 prior
1607 2876 1712 2928 est
1760 2876 2058 2947 utroque
2100 2858 2554 2928 Tertullianus
2597 2873 2800 2928 testes

625 2982 810 3034 sunt.
848 2965 1073 3054 Hujus.
1109 2963 1390 3054 quidem
1428 2964 1712 3052 insignis
1752 2962 1823 3031 in
1863 2960 2037 3030 hanc
2081 2982 2220 3030 rem
2260 2964 2449 3030 locus
2476 2977 2574 3029 est
2616 2962 2687 3028 in
2717 2961 2803 3028 li-

621 3068 748 3137 bro
776 3066 866 3137 de
899 3066 1181 3159 jejunio.
1213 3065 1538 3159 Aguntur
1559 3082 1892 3157 praeterea
1932 3066 2157 3154 inquit
2175 3083 2299 3154 per
2339 3062 2634 3131 Graecias
2662 3062 2790 3130 illa

626 3172 841 3241 certis
879 3171 949 3237 in
978 3161 1151 3239 locis
1188 3169 1493 3240 Com-ilia
1519 3190 1602 3263 eor
1643 3169 1972 3238 universis
1999 3167 2364 3254 Ecclesiis,
2394 3184 2518 3256 per
2558 3187 2697 3253 quae
2735 3182 2807 3234 et

629 3274 884 3344 altiora
947 3295 1212 3364 quaeque
1262 3274 1332 3340 in
1385 3293 1704 3340 commune
1755 3285 2179 3357 tractantur,
2232 3284 2300 3336 et
2348 3271 2498 3358 ipsa
2552 3286 2810 3358 reprae-

638 3378 931 3447 sentatio
970 3378 1182 3448 totius
1221 3376 1494 3446 nominis
1533 3370 1929 3445 Christiani
1965 3394 2203 3464 magna
2241 3373 2663 3442 veneratione
2697 3390 2813 3438 ce-

638 3479 966 3549 lebratur.

742 3582 1001 3651 Senon.
1106 3580 1332 3666 Quem
1370 3577 1596 3647 locum
1637 3596 1773 3647 non
1814 3575 2108 3667 dispicio
2146 3597 2300 3665 quae
2326 3595 2431 3643 me
2462 3587 2668 3662 cogat
2697 3593 2810 3641 ra·-

631 3687 735 3754 tio
774 3685 871 3752 ita
896 3684 1376 3772 interpretari,
1405 3698 1483 3750 ut
1513 3681 1839 3751 videatur
1865 3678 2334 3748 Tertullianus
2368 3674 2810 3744 celebranda·

632 3806 784 3854 rum
852 3786 1287 3870 Synodorum
1350 3783 1922 3853 consuetudinem
1972 3803 2096 3848 sua
2147 3780 2424 3846 demum
2487 3793 2685 3846 aetate
2739 3779 2810 3844 in

631 3886 962 3958 Ecclesiis
1002 3884 1261 3955 Graecis
1308 3886 1659 3955 inductam
1718 3881 1970 3971 fuisse,
2008 3879 2443 3975 significare,
2495 3882 2621 3950 etsi
2674 3877 2807 3947 hoc

638 3991 925 4062 suadeat
968 3987 1335 4059 Mosheim.
2279 3976 2283 3984 ’
2741 4010 2757 4018 “
