3275 4784
652 216 815 291 ·168
1461 237 1843 290 ssscrro
1958 240 2012 290 1.

621 361 791 429 lium
834 358 1376 428 Isidorianarum
1417 363 1838 428 auctoritas:
1877 361 2074 428 Licet
2115 363 2284 429 enim
2321 363 2412 430 ad
2445 368 2815 456 marginem

620 466 1001 551 notaverit,
1069 486 1180 530 eas
1247 462 1285 529 a
1339 465 1750 553 sapientibus
1804 466 1977 532 viris
2031 468 2501 555 supposititias
2550 467 2813 562 haberi,

613 566 682 631 in
725 590 836 633 suo
881 584 1095 634 tamen
1146 567 1361 633 indice
1427 568 1637 634 malta
1698 568 2085 636 disseminat
2135 570 2318 635 unice
2383 571 2662 640 deducta
2720 597 2807 642 ex

611 670 1059 738 decretalibus
1091 721 1113 758 ,
1155 672 1439 758 aliisque
1480 672 1779 760 ejusdem,
1798 672 2073 762 generis
2110 673 2425 762 scriptis,
2459 697 2598 762 quae
2639 694 2807 744 tam-

609 795 798 861 quam
865 773 1272 841 nobilissima
1346 797 1422 841 ac
1484 775 1796 864 legitima
1863 776 2122 842 summis
2200 775 2506 843 laudibus
2573 777 2800 862 effert.

608 873 820 945 Conf.
864 877 1113 945 Bower
1151 878 1222 945 in
1263 876 1424 944 diss.
1465 879 1544 944 de
1582 878 1843 945 collect.
1871 878 2129 946 Concil.
2146 880 2494 968 praemissa
2537 898 2693 950 tom.
2722 909 2796 972 4.

610 981 801 1046 Hist.
845 975 1115 1064 Pontis.
1171 983 1230 1065 §.
1295 1001 1411 1066 34.

717 1105 831 1150 12.
940 1082 1266 1150 Omnium
1308 1102 1536 1151 autem
1579 1085 2128 1172 praestantissima
2180 1102 2283 1152 est
2321 1082 2799 1157 Conciliorum

603 1184 923 1252 collectio
953 1185 1474 1254 editaVenetiis
1490 1205 1773 1255 curante
1794 1188 2092 1255 Nicolao
2108 1184 2364 1255 Colleti
2398 1212 2541 1257 ann.
2571 1191 2789 1276 1728.

599 1309 779 1376 seqq.
822 1291 1024 1355 tomis
1066 1290 1320 1377 viginti
1363 1307 1433 1356 et
1469 1288 1716 1358 tribus.
1774 1291 2007 1358 Buder
2042 1292 2113 1356 in
2154 1289 2339 1357 Bibl.
2368 1290 2516 1378 jur.
2557 1294 2789 1381 select,

611 1412 636 1456 1
665 1413 729 1469 ς.
763 1410 929 1481 pag.
972 1415 1054 1459 m.
1097 1391 1273 1479 481.
1310 1415 1488 1480 seqq.
1525 1389 1741 1485 Cujus
1792 1393 1990 1460 dedit
2040 1395 2584 1482 supplementum
2634 1395 2788 1462 Do-

605 1495 895 1561 minicus
947 1494 1174 1562 Mansi
1241 1498 1510 1565 eximiis
1568 1498 1973 1567 instructum
2024 1497 2332 1565 nondum
2379 1497 2545 1566 alibi
2585 1498 2794 1567 editis

598 1599 1054 1666 monumentis
1092 1597 1257 1666 Luc.
1298 1621 1448 1667 ann.
1499 1599 1724 1686 1748.
1766 1621 1947 1688 seqq.

1430 1821 1492 1904 §·
1615 1815 1937 1887 Cxan

832 2012 1328 2091 Collectiones
1407 2013 1903 2097 Conciliorutn
1959 2020 2540 2114 particulares.

743 2216 885 2286 Alii
916 2240 1085 2288 vero
1114 2222 1292 2288 intra
1330 2242 1542 2289 unum
1580 2243 1653 2290 se
1691 2238 2017 2313 regnum,
2046 2223 2558 2311 provinciamve
2603 2243 2777 2294 con-

597 2321 939 2389 tinebant.
981 2324 1169 2390 Inter
1209 2323 1338 2390 hos
1376 2341 1481 2391 est

696 2446 759 2490 1.
867 2425 1088 2490 Lucas
1132 2427 1573 2510 Holsteniu3‚
1614 2426 1809 2513 eujus
1849 2443 2079 2494 exstat
2120 2418 2575 2514 quorumdam
2619 2430 2787 2498 anti-

581 2545 874 2611 quorum
920 2525 1245 2591 Historiae
1288 2525 1783 2592 Ecclesiasticae
1826 2546 2418 2596 monumentorum
2448 2532 2774 2599 collectio

577 2625 848 2694 duabus
887 2643 1202 2693 constans
1244 2628 1594 2716 partibus,
1633 2629 1825 2694 edita
1863 2628 2087 2696 Romae
2129 2651 2280 2696 ann.
2333 2627 2549 2700 1662.
2582 2632 2664 2700 In
2694 2656 2777 2703 ea

579 2749 827 2817 praeter
876 2728 1194 2817 epistolas
1248 2732 1472 2818 plures
1515 2730 1929 2799 Pontificum
1960 2781 1982 2817 ,
2038 2733 2283 2799 multas
2322 2757 2597 2822 quoque
2640 2757 2774 2802 ex-

576 2831 804 2899 hibuit
846 2830 1174 2903 Ecclesiae
1213 2831 1538 2899 Romanae
1574 2833 1876 2916 synodos
1920 2833 2048 2900 sub
2087 2831 2447 2902 Bonifacio
2491 2836 2586 2902 II.
2626 2836 2776 2904 Da-

581 2954 808 3020 maso,
848 2930 1210 2999 Bonifacio
1247 2933 1376 3002 IV.
1417 2932 1763 3023 Stephano
1812 2935 1945 3003 IV.
1999 2935 2325 3025 Eugenio
2376 2938 2472 3005 II.
2526 2937 2766 3009 Leone

577 3035 721 3105 IV..
753 3051 821 3102 et
859 3033 1219 3126 Hadriano
1246 3036 1646 3105 celebrataS.
1675 3036 1971 3119 Salmon.
2002 3041 2124 3106 loc.
2165 3040 2290 3106 cit.
2333 3056 2471 3107 art.
2510 3063 2577 3108 2.
2607 3045 2666 3126 §.
2708 3066 2771 3111 1.

577 3139 694 3205 Ad
740 3138 1374 3207 Ita.liam.8imiliter
1416 3143 1761 3230 pertinent
1802 3141 1995 3209 Acta
2044 3141 2367 3210 Ecclesiae
2416 3145 2766 3210 Mediola-

578 3246 796 3312 nensis
825 3292 845 3330 ,
886 3259 952 3311 et
994 3243 1221 3334 synodi
1264 3243 1390 3311 sub
1430 3243 1498 3310 S.
1541 3240 1796 3313 Carolo
1833 3245 2226 3315 Borromaeo
2285 3244 2582 3312 habitae:
2621 3262 2771 3314 tum

577 3344 786 3414 Vinc.
829 3345 1012 3414 Mar.
1049 3344 1285 3413 Ursini
1325 3347 1671 3439 synodicon
1724 3347 2321 3418 Beneventanensis
2375 3346 2763 3417 Eccclesiae.

585 3445 836 3518 Benev.
877 3471 1026 3514 ann.
1088 3445 1309 3536 1695.
2757 3460 2766 3476 “

583 3588 589 3598 ,
689 3571 757 3616 2.
868 3552 982 3616 Ad
1013 3549 1386 3618 Ecclesiam
1418 3547 1818 3621 Africanam
1848 3552 2079 3622 refero
2107 3553 2427 3623 Gai-nerii
2459 3552 2626 3621 diss.
2655 3576 2765 3621 se·-

576 3653 764 3717 cund.
807 3653 884 3716 de
922 3655 1182 3741 synodis
1225 3653 1293 3719 in
1344 3675 1540 3722 causa
1604 3655 2439 3748 Pelagianornmss-lzabitis
2490 3657 2767 3725 vivente

580 3755 644 3822 S.
691 3755 1083 3842 Augustino
1115 3804 1135 3841 ‚
1173 3755 1510 3844 adjectam
1551 3759 1871 3846 operibus
1912 3760 2122 3826 Marii
2166 3760 2573 3827 Mercatoris
2616 3784 2764 3829 ann.

589 3852 807 3942 1673.
848 3873 916 3924 et
956 3855 1350 3924 Schelstrati
1405 3856 1744 3929 Canonici
1797 3863 2339 3954 Antwerpiensis
2393 3861 2764 3931 Ecclesiam

580 3955 982 4044 Africanam
1045 3960 1162 4029 sub
1227 3960 1533 4030 Primate
1599 3962 2131 4059 Carthaginensi
2182 3990 2333 4036 ann.
2410 3961 2628 4060 1679.
2688 3968 2761 4035 in
