3275 4784
717 195 808 268 50
1472 169 1882 243 sizc‘rto
1981 194 2036 245 1.

656 340 820 405 rceps
857 313 1117 384 Graecis
1166 309 1660 384 Photianarum
1704 317 1998 404 partium
2024 363 2044 400 ‚
2082 335 2168 381 ex
2210 309 2342 384 hoc
2388 333 2618 407 potest
2664 319 2859 391 intel·

664 422 831 510 ligi,
875 420 1060 509 quod
1099 418 1474 485 doctissimi
1514 441 1599 485 ex
1644 442 1722 485 ea
1768 436 1971 507 gente
2013 420 2147 486 viri
2178 421 2246 485 in
2281 421 2400 487 illo
2441 442 2855 493 commenta·

660 525 778 590 riis
819 546 896 589 ac
940 521 1216 590 scholiis
1255 522 1667 589 illustrando
1699 522 2190 587 studiosissime
2234 523 2769 595 elaboraverint.

773 626 1025 695 ScHoL.
1103 623 1647 693 Commentarios
1678 627 1747 691 in
1783 623 2015 691 Photii
2056 623 2675 696 Nomo-Canonem
2711 630 2861 720 jus-

667 752 743 796 su
787 730 1133 796 Manuelis
1170 729 1342 817 Imp.
1383 727 1695 796 Balsamo
1731 729 2041 816 scripsit,
2070 730 2190 816 qui
2232 752 2368 798 una
2403 752 2564 798 ‘cum
2606 732 2857 807 Photio

666 854 752 899 ex
793 831 942 899 MS.
983 832 1224 900 codice
1267 831 1706 900 bibliothecae
1746 830 2072 899 Palatinae
2110 832 2280 899 editi
2323 849 2479 902 sunt
2508 830 2549 901 a
2590 833 2851 908 Christ.

666 934 1003 1023 Justello‚
1045 937 1318 1024 repetiti
1351 937 1425 1001 in
1457 936 1640 1002 Bihl.
1664 935 1816 1025 jur.
1858 956 2001 1001 can.
2044 952 2262 1002 veter.
2313 933 2361 1003 >a
2403 937 2549 1004 filio
2591 938 2855 1016 Justel-

662 1037 712 1104 li
755 1038 1085 1106 adornata
1128 1054 1283 1106 tom.
1329 1060 1397 1106 2.
1448 1039 1682 1107 Posset
1721 1054 1951 1105 autem
1989 1036 2135 1104 haec
2173 1040 2321 1127 ipsa
2353 1040 2576 1108 editio
2612 1064 2849 1114 emen-

662 1140 814 1209 dari
848 1164 981 1209 non
1013 1143 1447 1210 mediocriter
1474 1165 1558 1210 ex
1590 1141 1938 1231 pluribuS,
1965 1162 2136 1230 quos
2168 1160 2396 1211 servat
2427 1143 2850 1218 bibliotheca

662 1240 971 1312 Caesarea
1017 1244 1569 1313 Vindobonensis
1599 1295 1621 1334 9
1670 1244 2027 1312 codicibus
2058 1293 2079 1330 ,
2120 1261 2199 1312 ut
2235 1244 2641 1314 Lambecius
2696 1271 2849 1319 mo-

662 1365 801 1415 net.
842 1344 1054 1415 Conf.
1097 1348 1366 1418 Salmon
1395 1364 1602 1418 tract.
1643 1350 1721 1415 de
1744 1348 1950 1420 Stud.
1982 1347 2239 1415 Concil.
2258 1365 2457 1438 part.
2492 1372 2559 1416 2.
2602 1351 2851 1424 Bower

644 1448 726 1516 ,in
754 1449 999 1519 histor.
1031 1446 1343 1535 Pontific.
1386 1470 1539 1520 tom.
1584 1478 1656 1540 4.
1698 1453 1767 1519 in
1800 1452 1965 1517 diss.
2000 1451 2304 1539 praevia,
2356 1468 2423 1521 et
2466 1453 2850 1528 Netteblat.

652 1551 820 1622 init.
862 1556 1053 1622 Hist.
1095 1556 1320 1624 litter.
1351 1555 1498 1646 jur.
1525 1574 1699 1648 pag.
1760 1554 1943 1622 288.
2003 1571 2074 1622 et
2118 1575 2291 1646 290.

1501 1780 1566 1863 §·
1691 1773 2012 1844 xxx1x.

1350 1974 1603 2051 Codex
1666 1973 1718 2046 I
1716 1973 2171 2049 sidorianus.

809 2176 978 2248 Post
1023 2175 1167 2249 haec
1209 2181 1426 2247 omnis
1466 2177 1554 2246 de
1594 2175 1922 2247 Ecclesiae
1960 2175 2227 2245 Latinae
2277 2174 2650 2248 Codicibus
2699 2181 2851 2250 dis-

653 2286 931 2375 putatio
971 2279 1212 2353 futura
1249 2303 1375 2353 est.
1438 2283 1621 2351 Nam
1671 2284 1791 2372 qui
1844 2282 2059 2348 serius
2103 2284 2286 2348 inter
2351 2280 2627 2350 Graecos
2681 2308 2851 2375 pro-

656 2389 980 2472 dierunt,
1020 2408 1258 2454 eorum
1308 2403 1427 2453 aut
1468 2386 1657 2453 nulla
1698 2399 1819 2450 aut
1860 2383 2149 2450 obscura
2186 2384 2395 2452 valde
2433 2384 2523 2451 ad
2577 2409 2697 2457 nos
2745 2407 2849 2458 est

603 2580 609 2585 ἡ
653 2489 1047 2555 >transmissa
1088 2489 1437 2555 memoria.
1467 2487 1630 2570 Quo
1672 2500 1902 2552 autem
1928 2501 2275 2574 tamquam
2313 2492 2658 2557 communi
2694 2490 2851 2582 jure

660 2592 731 2658 in
776 2589 974 2658 rebus
1014 2606 1083 2658 et
1122 2592 1343 2656 causis
1374 2591 1586 2657 sacris
1615 2604 1868 2657 octavo
1909 2609 1988 2654 ac
2029 2589 2372 2677 prioribus
2412 2593 2672 2660 saeculis
2717 2617 2851 2668 usae

661 2690 928 2765 fuerint
978 2693 1244 2761 Latinae
1282 2692 1654 2780 Ecclesiae„
1689 2693 2033 2780 superiori
2074 2694 2298 2781 capite
2348 2696 2685 2763 *traditum
2727 2715 2852 2765 est.

668 2798 870 2867 Alius
935 2795 1020 2864 ab
1082 2796 1208 2864 illo
1267 2798 1583 2886 sequenti
1654 2793 1901 2861 saeculo
1968 2796 2240 2862 emersit
2295 2794 2547 2864 ‘Codex
2610 2799 2851 2867 Isidori

662 2902 936 2967 nomine
972 2901 1390 2988 'inscriptuS‚
1436 2901 1566 2988 qui
1610 2896 2110 2988 Episcoporum
2159 2899 2617 2987 quorumdam
2664 2900 2850 2970 Ger-

664 3003 905 3070 maniae
957 3016 1026 3069 et
1066 3000 1376 3090 Galliae,
1442 3020 1582 3070 tum
1657 3002 1947 3069 maxime
1997 3002 2272 3069 Nicolai
2337 3001 2425 3070 P.·
2492 3005 2846 3073 conatibus

665 3106 1144 3175 auctoritatem
1173 3107 1417 3174 sensim
1446 3124 1726 3191 nactuS‚
1758 3122 2027 3173 veteres
2055 3105 2242 3194 leges
2265 3103 2605 3172 oblivioni
2635 3108 2852 3175 tradi-

660 3209 805 3299 dit,
858 3211 1120 3300 ingenti
1171 3209 1550 3300 disciplinae
1604 3206 1892 3297 publicae
1928 3210 2409 3276 conversione.
2464 3206 2844 3279 Enimvero

663 3328 968 3402 tempus,
1036 3333 1174 3402 quo
1227 3315 1502 3401 praecise
1549 3307 1908 3378 confectus
1960 3313 2097 3398 sit,
2155 3311 2466 3377 nondum
2535 3315 2763 3399 potuit
2803 3313 2846 3381 a

663 3436 1007 3504 quoquam
1050 3414 1319 3504 liquido
1360 3415 1659 3482 definiri.
1700 3411 1860 3503 Ego
1917 3414 2115 3481 'illum
2161 3411 2294 3479 -sub
2362 3412 2565 3479 finem
2616 3417 2847 3482 octavi

658 3520 923 3604 saeculi,
952 3520 1302 3585 autetiam
1328 3518 1568 3607 paullo
1598 3517 1802 3584 citius
1827 3511 2156 3601 fortasse,
2182 3514 2544 3581 collectum
2578 3532 2748 3602 puto
2775 3519 2846 3584 in

656 3620 989 3710 Hispania
1016 3627 1101 3708 *ς
1140 3619 1262 3687 sed
1301 3621 1576 3689 latuisse
1600 3621 1961 3711 ignotum,
1990 3617 2210 3686 donec
2237 3612 2279 3684 ὲ
2305 3614 2642 3708 Riculplzo
2687 3619 2844 3688 Mo-

728 3864 768 3909 *
851 3871 1038 3926 Immo
1070 3871 1164 3946 qui
1197 3869 1474 3927 Codicem
1506 3869 1701 3925 Isido—
1784 3868 1907 3941 quis
1941 3867 2040 3922 ille
2083 3865 2263 3922 fuerit
2286 3909 2309 3941 ,
2348 3864 2522 3923 finxit
2566 3869 2736 3926 simu]
2766 3887 2839 3925 ex

645 3951 872 4007 riarium
912 3953 1229 4027 Moguntiae
1273 3950 1487 4026 finxit,
1537 3950 1702 4024 quis-
1782 3949 2065 4021 Hispania
2117 3949 2410 4007 allatum:
2466 3952 2839 4026 quemadmo-
