3275 4784
161 4468 181 4609 —df-

1237 253 1615 311 curor
1714 255 1856 310 iv.
2494 238 2590 335 83

450 399 687 476 aperte
725 378 1206 476 agrediuntur.
1247 375 1656 469 Cujusmodi
1698 376 1955 470 privati
1988 377 2199 472 Juris,
2240 379 2641 455 melioribus

447 488 868 581 temporibus
929 507 1068 558 non
1130 481 1401 573 auditi,
1463 505 1679 573 quum
1721 485 2017 575 prImum
2056 486 2134 557 in
2168 486 2644 556 Cluniae-ensa:

444 595 559 663 bus
613 593 1029 684 exemplum
1054 589 1370 682 prodidit·
1396 585 1785 680 Gregorius
1838 587 1992 655 VII.
2037 580 2458 660 monarchiae
2506 592 2641 662 ab-

439 700 681 769 solutae
751 694 1289 766 studiosissimus
1361 689 1690 760 Pontifex
1717 742 1740 780 ,
1808 691 2213 763 incredibile
2266 694 2466 765 dictu
2538 710 2643 765 est

435 822 646 893 quam
673 802 927 891 iniquis
956 818 1178 871 nov-us
1207 794 1321 866 hic
1342 810 1633 865 conatus
1661 794 1908 864 studiis
1937 814 2264 888 exceptus
2289 800 2404 869 sit:
2440 799 2641 890 quod

438 929 523 977 ex
561 902 1245 992 Fulberti,·1v0nis,
1280 895 1584 998 Joannis
1642 898 2208 990 Salisberienst‘s,
2245 902 2648 991 Bernardi,

436 1008 646 1077 Petri
690 1008 1082 1094 Blesensis,
1119 1007 1552 1097 aliorumque
1591 1005 1736 1096 ejus
1775 1006 1996 1073 aetatis
2048 1007 2641 1079 sanctissimorum

440 1111 1132 1202 doctissimorumque
1156 1109 1509 1180 hominum
1527 1110 1826 1201 querelis
1841 1110 2353 1179 testatis-»simum
2370 1128 2469 1179 est
2486 1103 2556 1208 (
2571 1102 2631 1207 ).

439 1215 538 1287 Et
567 1238 763 1288 vero
775 1217 1073 1285 docuit
1053 1237 1199 1305 ipsa
1228 1216 1414 1301 dies,
1452 1233 1656 1303 quam
1699 1214 2084 1304 perniciosa
2120 1210 2512 1283 christianae
2550 1216 2653 1311 ci-
2737 1238 2743 1244 ·

441 1322 649 1393 vitati
688 1322 984 1393 enormis
1025 1318 1172 1389 haec
1213 1315 1514 1397 facilitas
1550 1318 1940 1417 exstiterit,
1967 1334 2046 1387 ut
2072 1320 2321 1386 mirum
2362 1339 2498 1386 non
2527 1321 2644 1411 sit,

444 1421 536 1493 de
576 1424 1064 1499 tollendisaut
1103 1420 1508 1514 mitigandis
1546 1420 2102 1512 exemptionibus
2138 1437 2369 1491 actum
2408 1442 2649 1512 persae-

443 1542 534 1617 pe
561 1576 585 1616 ,
620 1527 1198 1618 emendandoque
1244 1526 1468 1597 abusu
1504 1524 1839 1597 Ecclesiae
1890 1526 2231 1595 universae
2268 1545 2405 1595 non
2447 1528 2651 1616 gravi

440 1631 895 1720 magis‘quam
924 1632 1139 1702 noxio
1178 1621 1319 1727 (2).
1359 1628 1492 1698 Sed
1522 1645 1602 1699 ut
1630 1650 1813 1697 nunc
1857 1648 1962 1697 res
1999 1644 2202 1716 sunt,
2240 1629 2370 1697 etsi
2400 1628 2655 1700 adsue·

442 1732 691 1805 tudine
730 1750 1184 1824 temperatum
1215 1783 1240 1821 ,
1288 1732 1599 1802 nondum
1649 1749 1892 1799 tamen
1956 1729 2272 1801 deletum
2312 1747 2414 1801 est
2450 1735 2654 1823 peni-

442 1853 558 1911 tus
597 1838 1033 1926 scandalum,
1071 1835 1264 1928 quod
1302 1858 1392 1905 ex
1433 1834 1565 1905 hac
1602 1835 1948 1926 graduum
1977 1835 2504 1924 perturbatione
2536 1859 2652 1908 na·
2741 1853 2748 1860 ·

424 1955 601 2011 ⁸tum
631 1957 761 2013 est.
799 1940 1038 2023 Quare
1066 1942 1232 2009 licet
1259 1939 1350 2008 ob
1379 1935 1557 2007 hanc
1596 1959 1878 2023 causam
1899 1939 2143 2008 tollere
2170 1941 2650 2030 exemptiones

388 2066 399 2071 ’
442 2053 724 2119 necesse
758 2062 897 2113 non
936 2044 1026 2111 sit
1053 2090 1077 2129 ,
1115 2043 1279 2131 quia
1320 2057 1547 2109 tamen
1585 2058 1929 2109 canonum
1972 2042 2120 2109 istae
2156 2056 2229 2111 et
2273 2044 2648 2115 severioris
2723 2068 2726 2071 ·
2795 2074 2814 2077 -

450 2144 843 2243 disciplinae
871 2145 1298 2214 remissiones
1327 2145 1728 2213 interiorem
1753 2162 1983 2213 rerum
2011 2140 2446 2232 publicarum
2473 2161 2658 2216 tran-

445 2249 870 2343 quillitatem
935 2269 1075 2319 non
1138 2246 1412 2317 modice
1473 2246 1803 2336 laedunt3
1867 2267 2006 2314 non
2061 2246 2362 2318 alienum
2413 2244 2457 2317 a
2496 2249 2659 2340 jure

389 2396 396 2401 -
446 2373 877 2425 summorum
914 2374 1062 2423 esse
1099 2352 1536 2442 Principum,
1586 2352 1645 2419 si
1697 2349 1805 2421 his
1873 2350 2324 2423 incommodis
2370 2373 2499 2443 pro
2546 2374 2660 2446 ea,

442 2477 591 2547 qua
630 2447 958 2547 possunt,
986 2458 1408 2529 auctoritate
1450 2451 1921 2547 prospiciant,
1961 2453 2349 2547 intelliget,
2383 2459 2684 2548 opinor,

444 2560 655 2631 nullo
692 2563 982 2653 negotio
1028 2563 1343 2652 quisquis
1382 2581 1489 2655 res
1524 2559 1866 2650 superiori
1907 2575 2216 2649 tempore
2271 2576 2497 2650 gestas
2537 2558 2660 2629 di-

440 2662 759 2753 ligenter
790 2681 868 2735 et
908 2686 1135 2737 vacuo
1168 2660 1217 2735 a
1255 2662 1676 2755 praejudiciis
1727 2662 1957 2732 animo
1997 2660 2395 2754 expendere
2435 2663 2655 2735 volet.

444 2767 571 2837 ¹,De
611 2769 870 2838 Marcu
910 2768 1032 2838 lib.
1079 2791 1146 2857 3.
1186 2785 1332 2859 cap.
1376 2762 1497 2835 16.
1536 2769 1596 2852 §.
1648 2766 1717 2835 8.
1819 2826 1829 2836 .

559 2870 822 2941 Senon.
931 2873 1044 2944 An
1080 2870 1474 2944 revocanda
1510 2871 1735 2963 igitur
1773 2868 2147 2961 privilegia
2187 2869 2475 2941 omnino
2498 2890 2664 2940 cen-

452 2972 803 3044 sebimus}
852 2973 966 3041 De
1024 2973 1160 3041 hoc
1232 2974 1518 3061 quidem
1575 2973 1974 3065 expendant
2005 3023 2032 3063 ,
2083 2972 2333 3062 quibus
2415 2974 2659 3065 populi

452 3072 827 3151 christiani
874 3072 1061 3141 salus
1110 3069 1154 3141 ὲ
1186 3072 1348 3140 1)εο
1399 3073 1806 3141 concredita
1853 3090 1985 3157 est.
2035 3074 2168 3142 Sed
2208 3079 2265 3142 si
2308 3078 2668 3147 molimina

440 3178 784 3265 -intueor,
816 3173 1072 3267 qu‘ibus
1109 3174 1482 3266 privilegia
1509 3176 2116 3264 exemptionesque
2146 3197 2302 3245 suas
2336 3181 2518 3249 tueri
2548 3179 2668 3247 ad·

460 3282 685 3374 gressi
708 3298 868 3350 sunt
895 3278 1207 3349 homines
1234 3279 1534 3369 partium
1561 3297 1838 3351 suarum
1858 3326 1883 3364 ,
1918 3276 2126 3368 quam
2160 3297 2504 3349 canonum
2525 3296 2666 3349 stu·

459 3385 802 3457 diosiores
827 3408 850 3452 =
881 3386 1022 3478 Jam
1061 3404 1147 3455 eo
1200 3405 1309 3453 res
1360 3379 1670 3451 adduct-a
1707 3380 1936 3452 videri
1995 3398 2267 3474 potest,
2305 3398 2385 3453 ut
2425 3404 2512 3453 ne
2548 3396 2678 3454 re-‘
2771 3439 2778 3445 .

468 3489 742 3579 liquum
782 3486 1080 3561 fecerint
1116 3486 1398 3581 quidem
1434 3481 1778 3556 Ecclesiae
1803 3484 2218 3577 remedium,
2255 3509 2397 3578 quo
2433 3487 2674 3579 digni-

454 3604 682 3665 tatem
721 3603 913 3663 sua'm
960 3608 1312 3665 tueantur.
1353 3590 1590 3677 Quum
1638 3591 1894 3661 Paulus
1932 3590 2009 3660 P.
2049 3591 2147 3660 11.
2198 3590 2459 3663 bullam
2494 3588 2667 3663 Cle-

458 3699 716 3767 mentis
741 3697 873 3767 111.
901 3719 1040 3789 qua
1069 3718 1303 3769 omnes
1325 3695 1886 3767 Mendicantium
1909 3694 2189 3766 ordines
2219 3695 2311 3769 ad
2331 3697 2451 3789 jus
2477 3717 2668 3767 com·

469 3814 677 3868 mune
707 3800 1119 3893 revocabat,
1155 3801 1509 3895 publicare
1548 3800 2047 3892 meditaretur,
2077 3803 2440 3894 generales
2470 3800 2665 3873 ordi-

561 3946 692 4114 }13
774 3950 983 4025 Espen
1023 3952 1139 4024 jur.
1176 3953 1377 4015 eccles.
1405 3966 1567 4030 part.
1594 3975 1653 4033 3.
1693 3957 1799 4015 tit.
1842 3973 1936 4014 ια.
1962 3967 2088 4030 cap.
2128 3971 2190 4029 4.

609 4049 644 4089 α
772 4030 934 4115 Biga
961 4033 1101 4094 diss.
1131 4050 1248 4109 μιν.
1270 4034 1435 4113 publ.
1478 4035 1688 4100 eccles.
1725 4037 1867 4098 diss.
1912 4057 1965 4098 1.
2006 4035 2061 4111 5.
2116 4053 2210 4114 13·
