3275 4784
700 319 841 396 114
1471 314 1903 379 s‚Ec*1·1o
2002 319 2057 369 1.

647 439 930 535 quando
969 439 1370 512 Ludo-vicum
1418 439 1616 508 Pium
1666 437 1900 521 scribit
1929 435 2354 531 ‚Episcopis
2407 435 2657 512 baculo
2721 467 2842 516 seu

645 549 833 639 pedo
861 545 1164 616 tradito
1140 567 1249 636 jus
1266 542 1543 615 fruendi
1576 545 1772 611 bonis
1791 543 2253 612 Ecclesiarum
2282 541 2775 644 concessisse(1
2751 542 2847 645 1).

644 650 1074 721 Humbertus
1114 648 1504 718 Cardinalis
1543 626 1820 716 Ottonzs
1861 648 1973 713 Μ.
2017 647 2315 739 Imperio
2345 644 2523 714 hanc
2561 672 2845 722 consue·

646 754 963 825 tudinem
1001 751 1371 821 invaluisse
1414 750 1730 819 tradidit.
1766 749 1900 837 Et,
1929 765 2139 840 pute,
2168 768 2305 817 non
2334 750 2623 821 multum
2653 755 2847 826 abest

644 880 689 926 a
730 878 936 942 vem,
975 858 1102 923 etsi
1145 857 1369 924 varias
1409 854 1775 923 doctorum
1823 851 2178 923 hominum
2207 852 2292 919 de
2324 854 2596 944 origine
2626 860 2849 928 inves·
2878 909 2884 915 -

640 961 875 1031 titurae
915 960 1286 1029 sententias
1330 978 1465 1026 non
1505 959 1847 1046 ignorem.

749 1063 1007 1134 ScHoL.
1114 1061 1222 1131 De
1266 1062 1533 1151 origine
1578 1059 1778 1149 hujus
1829 1058 2345 1129 consuetudinis
2397 1060 2680 1150 ejusque
2733 1062 2860 1134 le·-

648 1169 898 1260 gitimo
939 1190 1108 1255 usu,
1144 1189 1228 1233 ex
1270 1165 1592 1233 instituto
1633 1164 2077 1231 commentati
2120 1182 2277 1233 sunt
2307 1165 2491 1233 Lud.
2535 1164 2845 1235 Thoma-

650 1273 837 1339 sinus
896 1287 1052 1340 tom.
1109 1291 1178 1337 2.
1217 1269 1338 1336 lib.
1386 1289 1454 1334 2.
1491 1285 1637 1355 cap.
1690 1267 1807 1353 38.
1852 1283 1920 1333 et
1964 1288 2089 1354 47.
2130 1289 2306 1356 seqq.
2349 1267 2623 1336 Natalis
2666 1271 2840 1338 Ale-

646 1374 912 1444 xander
966 1377 1034 1442 in
1105 1375 1368 1441 Histor.
1433 1369 1698 1439 Eccles.
1749 1369 1920 1437 Saec.
1975 1370 2093 1436 XI.
2155 1371 2428 1439 dissert.
2487 1398 2560 1458 4.
2625 1369 2874 1445 Card..

646 1477 860 1548 Noris
901 1477 1149 1546 Istoria
1189 1477 1361 1544 delle
1398 1475 1810 1542 investiture
1862 1475 2037 1541 delle
2073 1472 2349 1563 dignita
2389 1473 2841 1545 Ecclesiasti-

650 1582 812 1664 εἰπε,
848 1603 998 1670 quae
1032 1596 1183 1669 post
1209 1579 1583 1648 doctissimi
1614 1579 1747 1644 viri
1777 1576 2042 1644 obitum
2084 1575 2395 1645 Mantuae
2422 1600 2579 1645 ann.
2623 1602 2844 1668 1741.

648 1685 833 1753 edita
880 1700 1005 1751 est.
1042 1680 1304 1750 Christ.
1347 1681 1583 1770 Lupus
1625 1681 1695 1748 in
1735 1680 2007 1748 dissert.
2046 1681 2125 1746 de
2175 1683 2370 1771 regia
2424 1681 2844 1753 Antistitum

647 1788 1088 1854 nominatione
1116 1837 1137 1873 ‚
1177 1803 1240 1851 et
1289 1786 1366 1851 de
1411 1786 1584 1850 laica
1624 1783 2047 1851 Antistitum
2083 1783 2494 1853 investitura
2553 1802 2708 1855 tom.
2764 1813 2836 1876 4.

645 1908 824 1978 oper.
866 1905 933 1957 et
978 1891 1193 1957 Henr.
1235 1888 1569 1957 Meibotn.
1608 1887 1688 1953 de
1716 1885 1873 1976 jure
1910 1884 2336 1955 investiturae
2386 1887 2862 1982 Epist-opalis,i

649 2015 801 2083 quae
840 1993 1343 2063 commendatio
1404 2006 1654 2062 exstat.
1692 2005 1851 2059 tom.
1898 2011 1964 2078 3.
2004 1991 2242 2082 script.
2283 2003 2419 2060 r'er.
2459 1989 2684 2064 Germ.

1480 2216 1541 2300 §-
1623 2211 2006 2282 LXXXIX.

1069 2412 1275 2507 Quis
1336 2435 1493 2484 eam
1547 2417 1848 2505 primus
1887 2398 2430 2507 'impugnaviff

808 2608 1313 2723 Episcoporum
1352 2611 1480 2678 ista
1506 2624 1730 2696 atque
1771 2606 2124 2676 Abbatum
2175 2630 2297 2699 per
2351 2610 2590 2678 annuli
2620 2627 2687 2679 et
2717 2612 2845 2684 ba-

648 2713 789 2783 culi
830 2698 1271 2782 traditionem
1313 2712 1802 2802 inauguratio,
1838 2710 2109 2780 duabus
2152 2714 2443 2780 maxime
2483 2712 2571 2781 de
2613 2720 2866 2786 causis

647 2814 1050 2885 offendebat
1101 2817 1487 2904 plerosque.
1545 2814 1847 2881 Primum
1882 2862 1904 2900 ‚
1957 2814 2148 2902 quod
2188 2835 2311 2904 per
2346 2837 2495 2883 earn
2549 2820 2865 2908 antiquo

637 2918 793 3008 jure
831 2917 1133 3007 eligendi
1176 2920 1446 3008 penitus
1474 2937 1826 3007 supreSSO,
1855 2933 2151 3008 potestas
2195 2917 2575 3009 Episcopos
2603 2938 2670 2990 et
2707 2924 2841 2990 Ab·

645 3019 836 3087 bates
902 3021 1368 3098 constituendi
1437 3020 1525 3087 ad
1592 3020 1775 3089 solos
1839 3020 2295 3110 Imperatores
2350 3041 2862 3092 revocaretur:-

645 3118 940 3212 deinde‚
977 3126 1165 3214 quod
1196 3147 1401 3192 sacrae
1431 3126 1787 3213 potestatis
1815 3125 2154 3213 insignia,
2191 3125 2475 3196 baculus
2514 3129 2827 3196 nimirum

645 3243 716 3295 et
751 3228 1081 3316 annUIUS‚
1120 3228 1310 3295 laicis
1346 3223 1385 3294 ὲ
1424 3227 1734 3299 manibus
1789 3229 2280 3319 reciperentur.
2311 3229 2524 3315 Quod
2554 3232 2863 3319 quidem·

644 3353 731 3399 ex
772 3332 1098 3421 opinione
1136 3335 1354 3400 aetatis
1394 3333 1759 3421 sacrilegio
1812 3332 2221 3419 proximum⁴
2257 3331 2664 3401 habebatur.
2719 3334 2827 3401 Sic

643 3436 824 3500 enim
865 3434 1146 3501 baculus
1176 3452 1244 3503 et
1283 3436 1573 3502 annulus
1613 3437 1974 3524 pastoralis
2015 3438 2311 3502 muneris
2349 3458 2504 3503 esse.
2530 3436 2830 3524 insignia

644 3535 1107 3623 putabantur,
1149 3553 1225 3602 ut
1266 3540 1384 3626 qui
1430 3536 1569 3603 haec
1610 3535 1998 3621 conferret,
2041 3541 2093 3604 is
2133 3560 2376 3604 munus
2414 3539 2628 3624 ipsum
2662 3560 2829 3608 con-

641 3633 828 3703 ferre
870 3636 1061 3705 haud
1101 3639 1309 3706 dubie
1350 3642 1878 3709 existimaretur.
1922 3640 2365 3721 Accedebant
2393 3641 2482 3705 ad
2515 3638 2698 3727 haec,
2728 3643 2859 3710 si-,

640 3741 966 3806 moniacae
1005 3739 1493 3826 beneficiorum
1537 3743 2106 3825 nundinationes,
2143 3765 2277 3831 qua
2321 3744 2663 3831 praecipue
2708 3747 2860 3813 in--ff

640 3839 854 3912 famia
890 3842 1201 3912 laborare
1238 3847 1521 3915 Henrici
1547 3848 1708 3938 Imp.
1749 3850 1909 3917 aula
1958 3846 2397 3916 credebatur.
2439 3846 2547 3918 Ac
2599 3851 2811 3917 ceteri

712 3989 810 4076 (1)
893 3995 1063 4054 Hist.
1097 3997 1333 4056 Eccles.
1368 3998 1469 4062 lib
1503 4019 1553 4057 1.
1585 4013 1710 4076 cap.
1731 4019 1826 4080 32.
1854 4012 1917 4062 et
1945 4016 2042 4079 39.
2077 4000 2147 4061 F.
2180 3999 2538 4078 Papebroch.
2572 4002 2633 4058 in
2655 3999 2807 4059 Act.

631 4075 734 4139 SS-
784 4089 917 4138 tom.
957 4099 1010 4139 1.
1042 4080 1222 4141 Febr.
1261 4095 1407 4161 pag.
1459 4098 1591 4161 557.
