3275 4784
691 246 829 322 144
1436 245 1810 299 ssscmo
1932 247 1987 299 r.

630 373 929 461 possint,
973 389 1127 459 quae
1170 364 1357 438 Clar.
1400 369 1818 439 Schmidtius
1873 372 1995 438 loc.
2048 367 2170 438 cit.
2226 372 2286 457 §.
2327 366 2449 457 76.
2487 371 2568 441 de
2606 370 2829 446 inter-

618 476 1012 564 pretatione
1080 473 1450 563 judiciali,
1519 497 1725 564 quam
1779 475 2105 543 Romanae
2167 474 2368 543 Rotae
2432 476 2875 572 adjudicat‚‘

619 596 776 667 post
818 582 988 646 alios
1028 579 1253 667 plures
1292 578 1626 666 disputat.
1660 578 2140 646 Existimarem
2173 600 2343 667 ego,
2373 602 2607 649 causas
2635 582 2820 655 Ger·-

618 702 978 750 manorum
1022 703 1154 749 non
1197 681 1525 751 Romanis
1567 705 1652 750 ex
1692 683 2006 773 legibus,
2047 682 2165 749 sed
2203 682 2628 753 Germanicis
2680 689 2814 758 de*-

613 784 797 853 finiri
841 790 1101 876 aequius
1143 808 1286 853 esse
1318 806 1343 851 ε·
1383 808 1506 853 nec
1552 809 1638 853 ex
1683 807 1882 855 sensu
1926 785 2491 856 Germanicarum
2547 786 2813 882 legum,

611 910 812 978 quem
886 889 987 956 his
1038 888 1221 957 Rota
1277 889 1570 976 tribuit,
1619 888 1737 958 sed
1791 912 1993 980 quem
2060 889 2386 958 Germani
2463 893 2803 964 sincerum

612 1013 990 1083 verumque
1030 1010 1454 1083 agnoscunt,
1493 994 1910 1061 decisionem
1953 996 2092 1084 peti
2138 1010 2482 1083 oportere.
2538 994 2633 1064 Et
2688 1020 2812 1068 cut

608 1094 992 1185 Imperator
1021 1146 1041 1185 ‚
1081 1095 1171 1164 ad
1215 1119 1419 1187 quem
1456 1093 2062 1167 Concordatorum
2104 1101 2446 1186 protectio
2466 1098 2620 1188 jure
2660 1124 2811 1191 per·

603 1200 779 1268 tinet
809 1251 829 1288 ‚
880 1204 1233 1268 sententiae
1272 1199 1313 1268 a
1352 1216 1573 1269 mente
1616 1203 2108 1292 paciscentium
2156 1203 2395 1268 alienae
2439 1207 2802 1273 executio-

611 1323 763 1370 nem
810 1305 1140 1392 impedire
1179 1324 1314 1371 non
1359 1304 1611 1394 possit}
1653 1303 1826 1376 Vid.
1865 1306 2201 1376 Moderna
2242 1320 2464 1374 status
2511 1306 2802 1377 Cancel-

613 1405 792 1475 laria
845 1423 1001 1478 tom.
1062 1429 1127 1475 2.
1179 1425 1353 1503 pag.
1420 1429 1601 1500 491.

1482 1632 1551 1737 §.—
1680 1627 1936 1699 cxm.

1072 1826 1211 1903 An
1261 1831 1377 1904 sit
1419 1829 1621 1904 locus
1672 1830 2318 1927 praescriptioni?

750 2028 797 2111 J
805 2048 921 2099 ura
963 2047 1166 2121 pacto
1206 2032 1491 2123 quaesita
1531 2034 1756 2102 amitti
1800 2053 1994 2124 posse
2046 2054 2184 2103 non
2226 2055 2351 2103 usu
2394 2047 2463 2102 et
2507 2030 2794 2108 alterius

595 2135 1110 2226 praescriptione
1150 2154 1415 2207 certum
1455 2154 1581 2206 est.
1623 2136 1831 2206 Nihil
1869 2134 2079 2208 video
2116 2188 2139 2227 ‚
2189 2147 2324 2209 cut,
2353 2138 2584 2207 eidem
2621 2162 2797 2230 prae·

591 2241 949 2331 scriptioni
977 2241 1310 2312 adversus
1325 2241 1746 2311 concordata
1776 2264 2065 2333 quoque.
2086 2241 2280 2312 locus
2307 2265 2447 2311 esse
2470 2259 2794 2333 nequeat.

595 2340 778 2412 Nam
817 2345 872 2411 si
913 2365 1036 2433 per
1088 2346 1536 2437 privilegium
1580 2345 2060 2435 Apostolicum
2104 2346 2401 2415 obtineri
2433 2345 2585 2437 jura
2612 2351 2793 2437 “pos-

601 2464 795 2531 sunt‚
825 2468 977 2533 quae
1003 2451 1406 2536 ceteroquin
1425 2450 1523 2535 {ex
1550 2448 1989 2517 concordatis
2015 2449 2335 2515 Pontifici
2363 2452 2794 2540 competunt,

593 2548 835 2637 quidni
878 2562 947 2615 et
990 2548 1550 2638 praescriptione?
1593 2570 1811 2638 quum
1850 2550 2220 2639 praesertim
2262 2553 2490 2620 omnia
2540 2553 2629 2621 ad
2684 2552 2796 2622 le-

590 2650 898 2740 gitimam
941 2652 1525 2741 praescriptionem
1581 2652 1910 2743 requisita
1941 2699 1963 2740 ,
2030 2667 2295 2743 tempus
2325 2702 2345 2741 ,
2415 2658 2791 2748 possessio,

588 2753 768 2823 bona
812 2754 981 2822 fides
1018 2753 1367 2824 confluere
1405 2757 1692 2845 possint.
1725 2753 1897 2822 Sane
1939 2757 2463 2847 praescriptionis
2493 2758 2649 2845 jure
2690 2761 2797 2826 ni-

591 2858 763 2925 titur
816 2856 1256 2925 Serenissima
1321 2858 1572 2926 Domus
1637 2857 1978 2925 Bavarica
2037 2859 2106 2925 in
2170 2857 2657 2950 praesentandis
2696 2861 2791 2929 ad

586 2960 964 3050 dignitates
1005 2976 1076 3029 et
1130 2960 1464 3030 beneficia
1530 2962 1801 3029 idoneis
1849 2961 2119 3029 clericis
2148 3010 2172 3048 ‚
2222 2960 2603 3052 eodemque
2634 2962 2791 3052 jure

588 3064 819 3131 multis
858 3065 1009 3132 aliis
1050 3063 1218 3132 locis
1257 3063 1591 3132 beneficia
1629 3080 1873 3133 curata
1911 3066 1982 3131 in
2022 3063 2366 3133 mensibus
2408 3067 2615 3135 etiam
2655 3066 2786 3134 Pa·⁸

585 3166 855 3256 palibus
882 3166 968 3237 ab
1008 3167 1200 3258 aliis,
1241 3189 1449 3257 quam
1480 3164 1521 3236 a
1549 3168 1711 3236 sede
1738 3167 2051 3241 Romana
2089 3165 2571 3238 conferuntur.
2602 3167 2783 3254 Quae

585 3272 712 3339 etsi
765 3272 1185 3341 concordata
1231 3289 1567 3362 perpetua
1621 3294 1764 3341 esse
1806 3271 2108 3339 voluerit
2162 3272 2483 3339 Nicolaus
2526 3272 2611 3339 V.
2655 3272 2784 3339 nisi

587 3376 660 3441 in
689 3371 930 3443 futuro
962 3374 1281 3443 Concilio
1309 3378 1397 3444 de
1429 3397 1759 3454 consensu
1785 3374 2113 3443 Nationis
2141 3375 2341 3444 aliter
2381 3375 2781 3443 ordinatum

587 3475 856 3564 fuerit3
905 3480 1204 3548 Clemens
1249 3495 1481 3547 autem
1521 3478 1684 3544 V11.
1732 3478 2133 3547 collationes
2174 3476 2605 3545 concordatis
2644 3474 2780 3546 ad-

588 3600 818 3646 versas
882 3581 1142 3648 nullum
1189 3581 1520 3650 beneficia
1561 3581 1957 3671 possidendi
2004 3583 2277 3649 titulum
2322 3578 2620 3669 praebere
2661 3579 2782 3647 de-

581 3680 948 3748 claraverit
978 3730 999 3766 ‚
1043 3683 1406 3772 inaniaque
1449 3706 1590 3753 esse
1620 3701 1877 3752 statuta
1908 3686 2132 3754 omnia
2165 3682 2626 3751 declaraverit
2669 3682 2780 3748 In.-

593 3784 927 3851 nocentius
980 3786 1063 3851 X.
1105 3808 1256 3874 quae
1295 3809 1448 3855 cum
1490 3791 1574 3855 iis
1615 3806 2047 3878 pugnarent3
2090 3785 2334 3854 horum
2376 3801 2603 3853 tamen
2634 3807 2783 3855 om-

592 3889 780 3955 nium
835 3888 1107 3955 minime
1160 3911 1240 3955 ea
1277 3892 1379 3957 vis
1434 3907 1587 3978 est,
1638 3906 1717 3957 ut
1772 3890 2343 3959 consuetudinem
2381 3906 2781 3979 quamtum-

592 3994 695 4061 vis
729 3993 1030 4087 longam,
1059 3994 1774 4085 praescriptionemque
1803 3993 2619 4065 saltemimmemorialem
2635 4012 2781 4085 pos-
