3275 4784
786 280 885 353 82
1549 281 1964 343 secrxo
2064 284 2121 339 L

718 424 1142 494 demutentur
1182 407 1323 516 (1).
1365 411 1755 484 Utilitatem
1798 411 2074 478 demum
2113 408 2449 479 canonica
2508 407 2926 504 dispensatio

721 549 869 600 eam
916 526 1203 617 requirit
1232 573 1252 610 ‚
1295 543 1446 612 quae
1487 535 1585 587 est
1645 516 1967 584 Ecclesiae
2039 515 2255 605 ipsius
2285 566 2305 601 ‚
2349 535 2485 583 non
2555 523 2916 618 propriam3

725 634 1115 727 publicam,
1157 649 1291 696 non
1334 626 1698 715 privatam.
1732 619 1949 705 Quod
1996 620 2422 710 gravissimis
2454 621 2674 691 verbis
2715 629 2928 699 adfir-

725 755 1020 808 mantem
1063 732 1461 800 audivimus
1515 728 1609 795 D.
1653 726 2071 794 Bernardum
2101 746 2123 791 ε
2180 725 2539 794 confirmat
2592 725 2923 815 Goffridus

724 838 1267 912 Vindocinensis
1292 825 1435 933 (2).
1474 833 1603 901 His
1633 831 1893 923 regulis
1946 828 2270 900 Gratiani
2310 829 2542 900 adhuc
2584 850 2776 903 aetate
2815 859 2927 907 ec-

730 946 1116 1016 clesiastica
1157 939 1580 1031 dispensatio
1628 937 2031 1028 regebatur‘‚
2072 934 2263 1025 quod
2317 958 2404 1004 ex
2453 936 2752 1007 Decreto
2789 942 2923 1033 ejus

729 1045 1167 1119 manifestum
1235 1062 1359 1113 est.
1414 1041 1619 1111 Unde
1686 1041 1984 1131 intelligi
2041 1057 2315 1131 potest,
2367 1063 2568 1131 quam
2638 1047 2927 1116 circum-

732 1156 1029 1243 scriptus
1070 1151 1215 1242 ejus
1275 1172 1431 1218 usus
1475 1169 1595 1237 per
1635 1146 1823 1214 mille
1879 1162 1947 1215 et
2014 1148 2305 1236 amplius
2345 1147 2415 1211 in
2455 1144 2767 1221 Ecclesia
2806 1151 2933 1220 Dei

735 1279 945 1326 annos
999 1253 1244 1324 fuerit.
1316 1255 1411 1322 At
1455 1273 1791 1320 recessum
1832 1251 1918 1318 ab
1962 1248 2068 1318 his
2110 1265 2214 1319 est
2265 1249 2526 1341 regulis
2554 1301 2576 1337 .,
2631 1275 2721 1320 ex
2767 1276 2931 1347 qun,

735 1381 813 1431 ut
856 1363 951 1430 ait
996 1359 1353 1446 Flauius,
1427 1347 1819 1440 Pontificum
1850 1357 2169 1448 potentia
2204 1355 2387 1422 nulla
2428 1377 2510 1421 re
2541 1359 2764 1450 magis
2802 1381 2937 1428 cen·

737 1467 877 1535 seri
915 1486 1115 1558 posse
1171 1463 1582 1549 videbatur,
1642 1484 1832 1550 quam
1883 1462 1952 1529 si'
2000 1461 2520 1550 dispensationes
2559 1458 2601 1527 ὸ
2641 1484 2941 1534 εαηοηιιηι

733 1571 1162 1639 observantia
1230 1571 1300 1635 in
1366 1559 1699 1649 infinitum
1767 1565 2320 1635 extenderentur.
2379 1563 2590 1634 Part.
2656 1589 2724 1635 1.
2776 1568 2942 1638 Inst-

715 1675 865 1764 jur.
913 1675 1143 1740 eccles.
1202 1688 1345 1758 cap.
1415 1694 1475 1735 1.
1520 1674 1579 1753 ξ.
1634 1692 1750 1753 17.

833 1776 1089 1843 Senon.
1200 1773 1566 1840 Recessum
1609 1790 1748 1861 est,
1787 1775 2108 1863 inquam,
2149 1775 2329 1842 vitio
2357 1770 2759 1865 hominum,
2799 1797 2942 1846 non

731 1879 1061 1948 Ecclesiae
1104 1879 1314 1968 ipsius
1345 1929 1365 1965 ,
1408 1878 1519 1944 cui
1580 1878 1916 1967 imputare
1977 1877 2151 1946 illud
2195 1879 2507 1969 iniquum
2557 1895 2685 1948 est.
2731 1876 2946 1952 Conf..

739 1981 1031 2053 Barthel
1071 1984 1345 2052 dissert.
1390 1984 1465 2049 de
1509 2004 1621 2068 eo,
1663 1985 1835 2071 quod
1869 1983 2050 2051 circa
2080 1982 2311 2050 libert.
2354 1986 2671 2077 religion.
2697 1987 2946 2078 justum

741 2105 847 2156 est
876 2138 897 2175 ³
939 2107 1081 2180 cap.
1132 2088 1200 2156 8.
1258 2091 1314 2173 ᾗ.
1379 2087 1497 2155 28.
1545 2086 1740 2155 Nunc
1778 2111 1898 2155 vos
1933 2089 2110 2157 illud
2148 2090 2449 2156 admo-neo
2490 2081 2759 2185 (verba
2798 2106 2952 2167 sunt

734 2194 1120 2284 Augustini
1164 2192 1284 2260 lib.
1338 2217 1402 2260 1.
1458 2193 1533 2259 de
1603 2192 1833 2261 morib.
1876 2195 2106 2262 eccles.
2163 2191 2412 2260 cathol.
2454 2210 2604 2280 cap.
2655 2186 2834 2291 34.)
2873 2209 2948 2263 ut

733 2299 1089 2388 aliquando
1137 2298 1453 2366 Ecclesiae
1501 2296 1888 2365 Catlzolicae
1932 2299 2104 2367 male
2159 2298 2377 2366 dicere
2412 2297 2790 2389 desinatis,
2832 2292 2945 2366 ‘oi-'-

729 2405 1106 2492 tuperando-
1154 2425 1359 2467 mores
1410 2401 1789 2488 hominum,
1842 2423 2000 2488 quos
2041 2415 2108 2467 et
2175 2403 2327 2491 ipsa
2394 2401 2787 2470 condemnat
2821 2451 2845 2491 9
2883 2409 2953 2472 et

728 2528 890 2594 quos
927 2504 1225 2594 quotidie
1292 2519 1629 2592 tamquam
1685 2504 1898 2572 malos·
1918 2496 2115 2587 filios·
2146 2505 2497 2599 corrigere
2524 2504 2799 2576 studet.

1542 2701 1549 2707 ’
1646 2729 1705 2810 §-
1815 2725 2016 2791 Lm..

727 2911 941 2994 Idem·
970 2920 1070 2993 dev
1095 2916 1552 3015 privilegiis
1599 2912 2318 3009 &exemptionibus
2369 2918 2761 2998 tenendicm
2799 2944 2944 3003 est.

882 3122 1098 3210 Quod
1142 3119 1231 3190 de
1271 3118 1907 3212 dispensationibus
1942 3119 2206 3187 dictum
2264 3140 2365 3190 est
2398 3173 2419 3210 .,
2464 3121 2536 3190 id
2582 3124 2669 3192 de
2699 3127 2943 3216 privi-

727 3227 934 3321 legiis
977 3248 1187 3321 atque
1223 3225 1756 3316 exemptionibus
1803 3225 2036 3292 valere
2081 3223 2213 3294 hoc
2259 3230 2475 3317 magis
2504 3226 2754 3313 debe-t,
2801 3251 2939 3321 quo

730 3337 1021 3427 grayius
1059 3333 1447 3421 disciplinae
1489 3333 1741 3399 vulnus
1796 3326 2094 3397 infertur
2163 3332 2499 3399 duratura
2565 3333 2633 3399 in
2684 3357 2976 3425 perpe-2

616 3485 638 3504 s
731 3454 965 3523 tuum,
1007 3457 1216 3525 quam·
1255 3437 1670 3523 temporaria
1701 3449 1770 3502 et
1809 3435 2009 3521 quasi
2047 3450 2514 3503 momentanea
2560 3436 2721 3521 ejus*
2747 3438 2937 3505 rela-

732 3543 1043 3637 xatione.
1081 3535 1187 3636 (§.
1230 3529 1397 3634 LI.)
1440 3537 1547 3607 De
1590 3540 2018 3630 privilegiiS‚
2061 3541 2378 3630 inquam.
2421 3545 2624 3615 atqve
2666 3556 2942 3632 exemp·

728 3642 1034 3714 tionibus
1078 3644 1209 3712 illis
1252 3644 1587 3730 maxime,
1628 3666 1781 3734 quae
1824 3642 2321 3733 Epi'sscoporum
2369 3643 2703 3711 (livinitus
2733 3638 2937 3712 'insti-

734 3740 950 3815 tutam
1009 3750 1490 3819 auctoritatem
1548 3740 1663 3843 (ς.
1706 3748 1888 3815 XXl.
1922 3738 1994 3843 )‚
2033 3764 2103 3815 et
2158 3745 2616 3816 hierarchiam
2672 3747 2742 3814 in
2815 3770 2926 3816 ec-

727 3852 949 3922 clesiis
978 3855 1614 3924 subordinationem
1653 3842 1761 3946 (§.
1792 3842 1921 3946 X.)
1952 3868 2069 3920 aut
2102 3853 2484 3923 soffodiunt
2527 3853 2774 3944 tacite,
2800 3865 2922 3945 aut

802 4010 825 4080 (
848 4009 913 4076 ι)
1000 3965 1176 4061 Rern.
1229 4017 1351 4077 cap.
1407 4024 1462 4061 2.
1499 4008 1572 4062 de
1603 4009 1886 4076 praecep‘t.
1938 3991 2000 4061 e't
2033 3996 2185 4081 dispss

801 4086 912 4162 (2)
996 4087 1090 4145 De
1132 4085 1347 4142 Mat-ca
1378 4084 1490 4142 lib.
1535 4104 1591 4163 3.
1643 4098 1768 4158 cap.
1814 4104 1908 4161 14.
1945 4087 2002 4164 §.
2037 4089 2106 4149 8..
2174 4079 2185 4130 ἶ
