3275 4784
1206 234 1220 249 .
1284 154 1619 252 canor
1737 201 1797 254 ι.
2121 266 2124 273 ι
2463 182 2602 283 17'7

434 369 445 379 -
551 308 743 392 Con.
784 321 848 399 I.
949 319 1317 392 AEstimare
1355 319 1518 390 hinc
1556 321 1759 411 licet',
1798 339 2052 414 quanta
2092 324 2204 396 v'is⁴
2237 325 2451 395 inesse
2488 322 2639 418 pos-

432 427 524 496 sit
579 427 1040 516 argumentis,
1075 426 1331 515 quibus
1365 447 1541 515 saepe
1582 428 1996 496 recentiores
2030 428 2309 518 quidam
2348 429 2631 500 divina·-

431 549 583 597 rum
625 531 1013 597 litterarum
1055 528 1464 598 auctoritate
1504 527 1902 615 abutentes,
1941 533 2303 598 veritatem
2344 533 2436 600 ab
2460 536 2632 603 anti·-

322 666 325 669 ·
426 633 582 722 quis
621 632 925 722 ingenua
952 631 1393 721 simplicitate
1423 630 1788 719 traditam,
1829 629 2114 700 inducta
2139 636 2364 722 specie
2390 636 2625 706 occul·

365 796 370 803 .
426 749 613 823 tant,
651 755 737 801 ne
777 735 967 802 cerni
993 733 1224 802 lucide
1280 735 1520 821 possit.
1551 731 1835 823 Lepram
1866 736 2291 824 spiritualem
2348 759 2464 805 ex.
2513 759 2622 830 gr.

425 857 637 927 quarn
677 835 988 905 haeresim
1024 838 1525 926 interpretatur
1574 835 2033 905 Bellarminus
2059 887 2081 925 ,
2127 835 2420 907 ‘fortasse
2471 844 2621 930 pri-

425 959 579 1009 mus
614 939 976 1028 adhibuit,
1017 955 1095 1007 ut
1134 938 1364 1031 Reges
1405 940 1492 1007 de
1539 937 1777 1007 haeresi
1821 954 2167 1030 suspectos
2218 944 2509 1032 imperio
2546 945 2623 1013 in

418 1039 856 1115 ,Christianos
899 1043 1055 1113 rite.
1086 1062 1279 1132 posse
1316 1043 1580 1131 privari
1619 1041 1990 1112 conficeret
2021 1092 2047 1131 ,
2082 1046 2396 1137 exemplo
2437 1044 2621 1115 Osiae

422 1144 936 1236 Regisssquem
989 1143 1099 1213 ob'
1133 1145 1389 1236 lepram
1462 1147 1771 1234 corporis
1821 1162 2108 1216 exutum
2165 1168 2384 1237 regno
2443 1145 2621 1225 falso

420 1250 802 1336 suspicatus
842 1264 970 1316 est.
1011 1244 1414 1318 Consimiles
1467 1246 1631 1317 huic
1696 1265 1856 1316 sunt
1916 1250 2313 1318 tristissimae
2364 1251 2499 1318 illae
2540 1252 2620 1320 de
2727 1338 2732 1343 ἡ

423 1338 668 1418 duobis·
709 1350 974 1442 gladiis
1011 1372 1099 1418 ex
1128 1351 1314 1420 Luc.
1374 1349 1598 1419 XXII.
1655 1351 1773 1437 38.
1814 1352 2002 1419 et‘de
2037 1352 2279 1419 duobus
2332 1353 2623 1422 lumina·-

419 1453 606 1521 ribus
645 1475 731 1521 ex
770 1450 952 1523 Gen.
993 1453 1057 1520 L
1111 1450 1225 1521 16.
1265 1455 1552 1572 aliaeque
1591 1455 1746 1521 aliis
1785 1476 1873 1525 ex
1903 1455 2073 1525 locis
2099 1454 2420 1523 deductae
2448 1457 2621 1524 alle-

421 1559 671 1648 goriae,
710 1578 862 1647 quae
901 1558 1164 1646 ignotae
1204 1556 1456 1625 nemini
1496 1578 1641 1624 esse
1681 1573 2000 1647 possunt,
2040 1559 2159 1647 qui
2189 1558 2608 1649 disputatio·

416 1680 545 1735 nes
604 1678 990 1728 nostrorum
1042 1662 1338 1729 maxime
1404 1657 1924 1750 Theologorum
1960 1661 2051 1730 de
2104 1660 2370 1730 directa
2401 1710 2427 1749 ,
2489 1678 2615 1732 aut

416 1764 759 1833 indirecta
809 1748 1223 1833 Pontificum
1271 1766 1343 1832 in
1374 1761 1614 1861 Reges
1672 1780 2053 1883 potestate,
2089 1764 2184 1834 de
2223 1764 2617 1851 immunita-

419 1881 490 1933 te
557 1863 1033 1939 Ecclesiastica
1066 1914 1088 1953 ,
1144 1868 1374 1957 deque
1434 1868 1587 1934 aliis
1630 1865 1804 1954 juris
1870 1867 2130 1956 publici
2190 1871 2615 1959 argumentis

415 1970 712 2059 scriptas
749 1969 947 2060 legit.
987 1967 1176 2037 Olim
1215 1969 1360 2037 haec
1388 1967 1650 2057 ingenii
1679 1966 1961 2039 humani
1985 1988 2368 2037 commenta
2395 1973 2615 2040 etiam

422 2070 670 2139 doctos
709 2073 895 2143 viros
931 2070 1368 2139 exercebant.
1409 2069 1669 2137 Nostra
1708 2086 1874 2137 aetas
1908 2072 2162 2138 rectius
2200 2074 2604 2141 contemnit.

423 2172 596 2242 Vid.
633 2175 953 2244 Fleurius
993 2174 1157 2240 diss.
1200 2196 1268 2258 5.
1307 2174 1379 2240 in
1419 2171 1609 2242 Hist.
1648 2169 1913 2237 Eccles.
1953 2175 2016 2257 §.
2069 2193 2181 2239 12.
2599 2184 2612 2201 ”

386 2334 399 2343 ,
523 2273 706 2349 Con.
771 2277 871 2345 II.
975 2274 1255 2369 Nequess
1288 2280 1521 2362 'tame‘p
1565 2272 1997 2364 allegoricum
2037 2273 2406 2364 Scripturae
2432 2323 2455 2362 ,
2492 2291 2618 2346 aut

416 2379 883 2473 spivitupalem',
921 2394 1126 2467 quem
1165 2392 1455 2465 vocant,
1484 2378 1798 2465 sens-um,
1837 2380 2022 2446 omni
2053 2379 2143 2446 ad
2176 2378 2612 2468 probandum

320 2568 333 2573 β
420 2482 667 2555 robore
706 2481 1113 2551 destitutum
1180 2482 1587 2550 existimem.
1627 2479 1823 2564 Quid
1874 2484 1928 2549 si
1965 2484 2167 2556 „enim
2217 2484 2275 2548 is
2316 2497 2416 2550 est
2456 2484 2600 2572 ipse

414 2579 468 2652 ὲ.
514 2584 669 2657 Deo
725 2586 1030 2655 intentus
1085 2581 1361 2652 sensus?
1417 2581 1629 2652 Certe
1676 2583 1958 2672 quidem
2012 2585 2101 2653 de
2161 2583 2291 2652 hoe
2344 2585 2400 2651 si
2440 2605 2615 2654 con·-

421 2702 595 2777 stet,
633 2687 822 2757 nulla
852 2686 1033 2776 fingi
1052 2707 1256 2754 causa
1284 2701 1549 2776 potest,
1581 2706 1707 2754 cur
1732 2707 1892 2754 eum
1928 2689 2081 2776 quis
2110 2688 2363 2777 magis,
2402 2708 2608 2776 quam

378 2812 385 2819 ·
423 2789 794 2861 litteralem
832 2789 1339 2880 tepudiandum
1365 2804 1666 2861 censeat.
1694 2784 2029 2858 Constare
2057 2812 2226 2860 vero
2259 2788 2482 2858 isthoc
2507 2790 2643 2858 di-‘

416 2894 767 2963 -versis'ex
804 2894 1035 2967 causis.
1064 2898 1329 2982 potest,
1358 2893 1587 2960 'veluti
1626 2892 1686 2958 si
1726 2893 1872 2982 ipsa
1907 2896 2080 2960 sacri
2122 2909 2351 2960 textus
2405 2895 2611 2962 series

426 3015 586 3065 eum
628 2980 1305 3065 sensumnecessatio
1336 2994 1703 3082 deposcat,
1742 2999 1797 3060 si
1837 2996 2125 3062 traditio
2153 2994 2431 3062 Pati-um
2469 2993 2616 3064 suf·

412 3092 748 3187 fragetur
774 3145 799 3185 ,
840 3111 961 3166 aut
1012 3098 1145 3164 alia
1200 3092 1456 3164 divinae
1491 3095 1857 3183 Scriptur'ae
1897 3097 2043 3162 loca
2085 3096 2404 3164 eumdem
2447 3118 2611 3184 per·-

424 3201 659 3288 spicue
699 3199 1017 3290 probent.
1058 3200 1156 3267 At
1195 3197 1536 3267 horum-si
1578 3195 1752 3264 nihil
1789 3197 2116 3287 adjuvet,
2166 3197 2615 3285 impudentiae

418 3297 685 3391 fuerit,
722 3319 800 3372 ut
839 3303 935 3371 ait
975 3301 1040 3370 S.
1083 3303 1571 3393 Augustinus,
1602 3298 1977 3388 quidquam
2018 3299 2086 3366 in
2115 3298 2450 3388 allegoria
2491 3318 2609 3389 po,-

414 3406 631 3472 situm
662 3422 797 3495 pro
836 3398 906 3473 se
942 3404 1411 3495 interpretari.
1448 3403 1680 3487 Quain
1726 3401 2007 3492 quidem
2034 3399 2463 3472 S..Doctoris
2491 3423 2609 3471 ret-

423 3504 946 3623 prehensionem
987 3508 1339 3596 quomodo
1381 3507 1599 3575 vitare
1630 3506 1836 3596 possit
1869 3501 2272 3574 Bonifacius
2300 3503 2376 3573 Ρ.
2408 3503 2611 3576 V1111.

418 3610 492 3675 in
532 3607 1086 3683 Extrav.U1'⁹am
1122 3618 1417 3679 sanctam
1448 3611 1582 3679 ‘int-
1598 3630 1843 3679 comm.
1878 3608 1986 3676 ⁴:de
1999 3607 2297 3700 majnrit.
2326 3626 2416 3679 et
2419 3608 2607 3679 obad.

422 3708 830 3800 Spondanus
870 3713 1383 3788 viderit..
1466 3766 1469 3775 .
1534 3742 1541 3749 ·
2085 3744 2100 3775 ι

527 3810 714 3887 Coa.
754 3814 890 3881 ΠΙ.
997 3813 1213 3900 Quod
1265 3817 1319 3884 si
1360 3818 1596 3908 itaque
1648 3835 1781 3886 non
1836 3832 2153 3913 constet,
2190 3815 2375 3915 quod
2419 3814 2610 3887 Deus

422 3918 674 4007 ‘praetet
715 3936 991 4020 sensum
1034 3918 1340 4003 n'ativum
1374 3937 1444 3990 et
1454 3921 1872 4020 primarium
1905 3924 2134 3997 alium
2191 3922 2400 3993 etiam
2449 3937 2615 3989 ver-

1755 4035 1852 4109 23
