3275 4784
666 251 767 361 69
1401 272 1827 331 εΕεΤιο
1956 277 2010 333 1.

617 413 978 488 tet-umque
1019 408 1346 490 praeterea
1383 419 1649 467 morum
1689 423 1766 468 ac
1808 397 2187 490 disciplinae
2227 401 2665 493 ignat-issimi.

718 501 971 570 Senot„
1011 500 1223 571 Conf.
1277 504 1527 582 Joanm
1563 504 1862 595 Doujat„
1909 503 2029 571 lib.
2085 528 2153 573 2.
2205 525 2349 597 cap.
2408 529 2527 575 22.
2585 515 2642 596 ὃ.
2700 534 2771 598 7.

617 604 988 674 Mastricht
1027 609 1099 673 in
1135 609 1323 674 Hist.
1365 604 1541 703 Jur.
1581 607 1842 676 Eccles.
1883 611 1941 693 ς.
1984 629 2155 676 220.
2199 609 2428 699 Espen
2466 614 2596 683 cit.
2625 615 2787 684 diss.

616 711 680 794 §.
720 735 794 800 4.
852 732 922 800 5.
962 709 1237 782 Natalis
1276 711 1675 783 Alexander
1714 712 1885 780 Saec.
1928 711 1983 781 1.
2035 714 2197 782 diss.
2256 735 2377 783 21.

1481 915 1541 1000 ς.
1673 911 1932 984 XLVI.

1325 1125 1462 1200 An
1519 1129 1730 1202 satis
1767 1122 2084 1220 firmis?

761 1333 1107 1427 Equidem
1149 1358 1284 1405 non
1325 1335 1555 1423 deest,
1592 1333 1782 1426 quod
1822 1332 1912 1402 ad
1974 1331 2118 1402 haec
2163 1352 2569 1425 argumenta
2622 1361 2786 1430 pos·-

606 1439 695 1532 εἰς
736 1442 1168 1530 responderi,
1209 1458 1284 1509 ut
1324 1440 1608 1509 laudato
1647 1440 1817 1508 ‘loco
1869 1440 2134 1506 censuit
2180 1438 2570 1529 Doujatius.
2627 1445 2782 1513 Nec

604 1565 760 1631 quae
810 1545 973 1611 olim
1026 1542 1066 1610 a
1118 1543 1445 1611 Turriano
1505 1544 1577 1609 in
1643 1564 1791 1610 eam
1844 1563 1985 1610 rem
2034 1543 2284 1630 scripta
2339 1562 2547 1633 sunt,
2596 1546 2778 1616 adeo

605 1648 791 1712 omni
820 1649 1055 1736 'specie
1120 1647 1451 1715 destituta
1488 1669 1632 1714 esse
1697 1661 2063 1733 putantur,
2117 1662 2191 1712 ut
2242 1646 2542 1735 inutilis,
2595 1667 2782 1720 certe

607 1769 1113 1836 supervacanea
1156 1750 1377 1819 videri
1421 1749 1671 1817 debeat
1706 1747 2040 1815 Biondelli
2083 1750 2151 1814 in
2193 1746 2296 1814 his
2324 1751 2631 1839 epistolis
2670 1773 2785 1822 re·-

606 1847 928 1920 fellendis
969 1852 1282 1920 adhibita
1321 1853 1701 1941 industria,
1742 1851 1930 1941 quod
1971 1850 2382 1918 sirmondum
2411 1855 2637 1922 dicere
2666 1876 2776 1924 so-

602 1953 806 2021 litum
847 1952 1103 2025 ferunt.
1174 1954 1498 2025 Profecto
1539 1955 1868 2043 Doujatio
1908 1976 2029 2021 nec
2078 1957 2199 2022 illa
2248 1954 2583 2024 Blondelli
2615 1972 2774 2027 'tam

602 2055 932 2126 adcurata
953 2109 974 2146 ,
1016 2075 1149 2127 tam
1192 2059 1460 2127 erudite
1490 2074 1816 2126 exornata
1844 2055 2236 2125 confutatio
2265 2060 2462 2145 plane
2492 2061 2774 2130 videtur

598 2159 1032 2235 satisfecisse.
1071 2163 1263 2246 Quin
1302 2164 1505 2230 etiam
1544 2161 1854 2229 Liberius
1893 2160 1931 2227 ὰ
1971 2156 2154 2255 Jesu
2180 2164 2478 2251 scriptor
2508 2165 2784 2233 minime

598 2263 922 2339 indoctus
949 2266 1136 2335 edita
1164 2267 1492 2358 singulari
1515 2265 1993 2334 dissertatione
2020 2263 2446 2354 deploratam
2464 2265 2585 2333 diu
2599 2289 2774 2336 cau-

596 2388 742 2437 sam
782 2390 987 2459 agere
1042 2372 1289 2436 iterum
1342 2373 1705 2437 novissime
1759 2370 2081 2435 instituit.
2135 2369 2277 2434 Sed
2318 2369 2607 2457 probare
2637 2364 2767 2439 'non

598 2487 907 2559 possum,
947 2469 1174 2536 verbis
1218 2486 1373 2536 utor
1410 2468 1710 2553 Labbei,
1749 2469 1995 2533 novelli
2047 2466 2245 2556 hujus
2296 2474 2619 2557 studium,
2673 2475 2792 2561 qui

600 2573 782 2639 mala
842 2592 1015 2660 ave,
1079 2593 1163 2638 ex
1214 2572 1354 2639 zelo
1408 2571 1664 2658 quidem
1716 2570 1834 2636 sed
1877 2571 2084 2636 minus
2124 2570 2446 2660 prudenti
2508 2589 2576 2639 et
2627 2596 2790 2641 con-

594 2673 947 2763 sideratu,
983 2692 1162 2743 certe
1201 2698 1319 2743 non
1354 2674 1689 2740 secundum
1739 2673 2126 2758 scientiam,
2176 2672 2429 2741 easdem
2488 2675 2786 2765 abjectas

596 2792 677 2847 et.
712 2780 987 2869 penitus
1035 2778 1417 2865 repudiatas
1471 2770 1826 2858 defendere
1877 2776 2229 2865 adgressus
2280 2793 2407 2843 est.
2461 2778 2613 2845 Non
2676 2798 2785 2847 ta-

598 2880 658 2948 li
722 2882 1018 2965 auxilio,
1070 2902 1182 2946 nec
1235 2876 1684 2962 defensoribus
1736 2876 1892 2945 istis
1945 2878 2251 2970 indiget,
2301 2897 2418 2947 aut
2472 2904 2768 2970 umquam

599 2982 904 3073 indiguit
955 2981 1262 3050 Ecclesia
1316 2982 1631 3051 Romana.
1688 2981 1924 3067 Quare
1979 2981 2161 3050 hunc
2214 2983 2494 3072 quidem
2547 2988 2769 3053 virum

601 3087 948 3159 mittamus
984 3086 1168 3154 licet.
1212 3086 1341 3154 Sed
1370 3090 1638 3157 acutius
1669 3085 2039 3154 earundem
2067 3087 2512 3175 epistolarum
2540 3104 2771 3176 patro·

604 3190 863 3259 cinium
899 3206 1339 3280 susceperunt
1379 3207 1606 3261 nostra
1650 3206 1848 3259 aetate
1890 3190 2211 3280 quidam,
2252 3192 2482 3259 nescio
2521 3212 2608 3257 an
2649 3213 2778 3261 ve-

605 3293 746 3361 rius
787 3291 1170 3377 feliciusve.

710 3395 965 3470 Senos.
1051 3395 1262 3468 Conf.
1300 3396 1708 3491 Rupprecht
1724 3413 1919 3488 part.
1949 3419 2022 3467 1.
2050 3398 2209 3465 crit.
2239 3396 2329 3464 ad
2349 3393 2497 3491 Jus
2521 3395 2770 3464 Canon.

1453 3609 1513 3692 §·
1619 3602 1912 3674 van.

1111 3817 1623 3918 Exceptiones
1707 3816 2250 3889 Recentiorum.

748 4021 999 4114 Ajunt:
1041 3998 1218 4091 nihil
1252 4023 1391 4117 jam
1433 4018 1537 4089 his
1578 4016 1936 4089 conatibus
1974 4039 2148 4111 opus
2202 4039 2379 4088 essee
2430 4039 2770 4111 agnosce-
