3275 4784
694 233 831 332 176
1421 251 1830 307 sse-mo
1930 251 2130 304 11.—

641 377 879 446 Grotii
921 373 1244 468 praeclare
1283 376 1539 443 tradita
1581 367 1731 471 (1):
1776 375 1848 442 A
1891 376 2124 444 multis
2159 374 2486 444 Ecclesiis
2527 396 2681 448 sunt
2707 403 2832 474 ag·-

631 483 807 566 niti,
877 482 1047 570 quod
1104 481 1453 547 ostendunt
1516 479 1885 547 christiani
1939 479 2243 567 antiqui,
2309 503 2498 568 quum
2562 482 2828 554 illorum

634 585 1044 652 testimoniis
1085 598 1412 671 tamquam
1466 583 1674 649 sacris
1728 599 2033 650 utuntur.
2076 582 2261 648 Unde
2312 583 2632 652 credibile
2690 603 2820 678 est,

627 686 1017 775 Ecclesias,
1079 710 1218 774 quae
1280 685 1362 752 ab
1412 686 1614 753 initio
1669 707 1770 753 eos
1826 681 2036 753 libros
2086 708 2208 753 non
2257 685 2627 756 hahuerunt
2660 738 2686 778 ‚
2742 714 2817 759 eo

618 804 910 880 tempore
976 810 1082 857 eos
1147 791 1497 880 ignorasse
1538 838 1561 877 ‚
1625 805 1745 856 aut
1810 790 1889 856 de
1967 791 2058 858 iis
2134 788 2509 857 dubitasse:
2574 809 2815 880 postea

615 909 839 960 autem
888 894 969 960 de
1022 893 1126 959 rei
1179 894 1482 961 veritate
1540 894 1809 962 edoctas
1856 891 1946 962 ad
2014 908 2383 962 ceterarum
2451 899 2817 989 exemplum

616 997 709 1063 iis
751 996 951 1064 libris
992 997 1097 1064 uti
1150 998 1448 1086 coepisse.

723 1098 978 1168 SCHOL.
1083 1096 1296 1167 Conf.
1349 1097 1608 1168 Bartel.
1661 1098 1895 1191 Vogel
1947 1100 2016 1168 in
2054 1101 2429 1192 prolegom.
2482 1097 2809 1194 Theolog.

610 1201 908 1373 cliqbgmat.
935 1217 1127 1297 part.
1179 1225 1242 1271 1.
1282 1220 1424 1294 cap.
1472 1226 1541 1293 5.
1577 1218 1649 1274 et
1686 1201 2035 1275 Melchior
2057 1201 2290 1274 Canus
2317 1204 2394 1272 de
2423 1205 2545 1274 loc.
2572 1202 2806 1276 Theoi.

649 1329 670 1372 ι
723 1355 742 1376 .
810 1327 880 1376 2.

1532 1413 1594 1498 §-
1685 1407 1901 1481 CXL.

1106 1603 1395 1678 Sensus
1431 1602 1598 1699 ejus
1632 1606 2073 1700 praecipuus
2122 1606 2318 1700 quis.

770 1821 1149 1892 Enimvero
1191 1823 1556 1913 multiplex
1596 1844 1945 1893 sacrarum
1983 1827 2367 1895 litterarum
2410 1847 2643 1896 sensus
2675 1845 2806 1918 est,

596 1925 686 1994 de
728 1948 867 2016 quo
907 1928 1266 1996 sanctioris
1328 1928 1665 1997 doctrinae
1719 1929 2044 2018 Magistri
2103 1931 2318 1997 multa
2369 1933 2799 2020 praecipiunt.

611 2027 845 2098 Unum
885 2048 1115 2098 tamen
1159 2033 1283 2119 ipsi
1351 2034 1769 2122 praecipuum
1827 2032 2082 2101 habent
2147 2056 2227 2102 ac
2278 2033 2469 2103 velut
2514 2051 2800 2102 natura-

606 2133 788 2223 lem,
824 2136 942 2225 qui
989 2136 1325 2203 litteralis
1365 2137 1663 2224 dicitur,
1703 2157 1858 2202 eum
1898 2139 2197 2225 scilicet,
2237 2156 2375 2226 quo
2414 2137 2625 2205 verba
2675 2160 2800 2206 su·-

607 2241 854 2305 mimus
898 2237 1298 2328 significatu
1341 2239 1505 2327 ino,
1546 2260 1751 2330 quem
1791 2239 1972 2307 Deus
2016 2242 2157 2331 ipse
2202 2238 2521 2308 intendit.
2564 2241 2798 2328 Atque

607 2340 725 2409 hic
765 2341 1051 2431 quidem
1094 2344 1445 2431 scripturae
1483 2364 1715 2411 sensus
1760 2341 1944 2412 haud
1985 2345 2324 2411 immerito
2352 2345 2643 2411 eximius
2670 2359 2798 2412 est.

608 2443 792 2512 Nam
836 2465 978 2533 quo
1019 2445 1294 2510 tandem
1348 2446 1554 2510 modo
1596 2445 2012 2533 Scripturam
2079 2446 2365 2516 verbum
2420 2446 2560 2512 Dei
2611 2461 2794 2515 recte

609 2546 910 2633 distem,
953 2547 1078 2612 nisi
1120 2567 1275 2612 eum
1316 2547 1546 2614 verbis
1586 2568 1852 2615 sensum
1894 2547 2195 2636 tribum,
2235 2569 2436 2638 quem
2475 2549 2578 2614 illi
2607 2548 2799 2616 Deus

600 2651 744 2738 ipse
787 2647 1117 2738 subjecit?
1161 2650 1344 2718 Hinc
1385 2668 1615 2719 autern
1656 2652 1980 2740 consequi
2022 2649 2155 2720 hoc
2196 2672 2463 2718 necesse
2514 2667 2669 2738 est,
2715 2668 2794 2720 ut

605 2769 806 2822 certae
861 2753 1296 2820 auctoritatis
1361 2763 1754 2848 argumenta
1819 2752 2119 2822 habenda
2180 2777 2300 2821 non
2363 2755 2555 2842 sint,
2592 2771 2788 2842 prae-

613 2875 910 2944 ter-quam
975 2855 1138 2944 illa,
1189 2879 1328 2945 quae
1381 2868 1463 2924 ex
1516 2878 1703 2924 sensu
1754 2856 2131 2946 Scripturae
2184 2856 2486 2923 litterali
2538 2856 2792 2922 ducun-

608 2975 746 3027 tur.
786 2957 1033 3048 Neque
1073 2962 1255 3027 enim
1293 2962 1398 3031 vis
1451 2959 1880 3051 argumenti,
1919 2958 2110 3048 quod
2160 2980 2247 3026 ex
2300 2979 2495 3026 sacro
2546 2958 2791 3029 codice

606 3064 904 3152 petitur,
941 3063 1220 3131 aliunde
1261 3086 1407 3132 esse
1447 3079 1713 3155 potest,
1751 3083 1954 3152 quam
1994 3061 2185 3151 quod
2228 3061 2364 3130 Dei
2398 3065 2609 3153 ipsius
2636 3082 2791 3130 ver·-

603 3166 696 3235 bo
750 3167 1108 3235 innitatur.
1158 3168 1527 3256 Numquam
1568 3165 1950 3257 parabolae,
2012 3167 2241 3257 inquit
2304 3166 2383 3234 S.
2448 3167 2785 3254 Hierony-

601 3293 740 3338 mus
779 3260 928 3368 (2),
967 3285 1035 3338 et
1078 3270 1278 3338 dubia
1319 3271 1741 3363 aenigmatum
1770 3268 2239 3360 intelligentia
2255 3280 2483 3358 potest
2510 3265 2601 3333 ad
2630 3285 2787 3331 auc-

603 3376 956 3442 toritatem
993 3373 1370 3464 dogmatum
1415 3366 1764 3463 proficere.
1808 3371 1904 3440 Et
1953 3371 2032 3440 S.
2086 3371 2558 3464 Augustinus:
2608 3367 2784 3455 Quis

598 3499 723 3546 non
763 3476 1325 3565 impudentissime
1366 3465 1482 3568 (3)
1519 3473 2093 3563 nitaturaliquid
2120 3475 2190 3540 in
2224 3470 2557 3563 allegoria
2586 3469 2785 3560 posi-

598 3598 738 3649 tum
781 3596 909 3665 pro
957 3598 1027 3644 se
1079 3575 1581 3664 interpretur-1⁸³3
1631 3577 1764 3644 nisi
1816 3576 2065 3645 habeat
2114 3591 2183 3642 et
2239 3567 2603 3659 manifesta
2634 3581 2783 3645 'tes-

600 3680 918 3768 timonia,
956 3699 1222 3768 quorum
1258 3678 1967 3750 luminesitlustrentur
2007 3675 2327 3748 obscura3

594 3806 613 3912 i
681 3851 783 4011 (13
865 3855 960 3916 De
989 3857 1156 3914 verit
1188 3829 1394 3933 Relig.
1423 3855 1652 3933 Christ.
1685 3855 1787 3913 lib.
1822 3872 1878 3931 3.
1915 3865 2040 3928 cap.
2078 3872 2136 3933 3.

717 3960 750 3997 α
867 3936 935 3994 In
965 3936 1199 3995 Matth.
1241 3938 1344 3995 lib.
1382 3957 1434 3996 α.
1469 3953 1593 4011 cap.
1636 3955 1726 4012 13·

684 3940 783 4104 gg)
863 4017 1070 4095 Epist.
1114 4035 1212 4097 93.
1245 4021 1324 4078 ad
1351 4019 1598 4079 Vicent.
1633 4015 1935 4078 Donatist.
1967 4027 2094 4092 cap.
2130 4015 2192 4078 8.
2299 4072 2304 4079 .
