3275 4784
1281 243 1649 299 CAPUT
1752 245 1874 298 11.
2231 231 2236 234 ’
2509 247 2645 326 191

480 373 636 471 jura
690 354 924 439 ornnes
954 416 977 459 ,
1014 363 1205 459 quod
1245 369 1452 436 sciam
1485 418 1507 456 ‚
1545 369 1751 439 etiam
1787 367 1896 460 jus
1936 371 2268 458 supremae
2303 364 2681 460 inspectio·

486 479 591 546 nis
637 489 1160 544 connumerant.
1209 472 1364 543 Nec
1402 473 1750 545 immerito
1783 462 1924 573 (1).
1972 470 2157 543 Nam
2210 493 2423 563 quum
2483 496 2684 545 sum-

487 600 666 648 mam
702 578 879 648 hanc
931 593 1349 670 potestatem·
1391 576 1560 651 ideo
1593 575 1909 669 Regibus
1954 572 1998 646 ὲ
2038 575 2203 647 Deo
2251 579 2678 649 commissam

492 681 705 753 fuisse
748 685 909 751 satis
946 679 1241 752 'constet
1283 729 1311 771 2
1345 698 1429 749 ut
1484 679 1898 774 populorum
1947 701 2232 750 suorum
2282 677 2694 753 felicitatem

488 802 763 877 curent3
793 781 1014 854 officii
1047 804 1216 856 vero
1247 784 1449 856 istius
1468 785 1793 875 explendi
1825 781 2121 857 facultas
2150 785 2341 855 nulla
2369 808 2512 876 esse
2541 809 2692 879 pos-

491 893 580 960 sit
606 939 630 979 ,
669 904 793 957 aut
834 891 1253 980 perexigua,
1289 890 1461 975 nisi,
1500 911 1658 979 quae
1682 905 2022 980 geruntur
2051 890 2121 958 in
2158 891 2537 981 territorio,
2569 912 2700 964 no·

446 1059 450 1064 .
498 1011 568 1074 ta
608 992 711 1062 illi
752 993 1248 1085 explorataque
1284 1005 1616 1073 teneant:
1674 1015 1834 1061 sane
1904 991 2188 1083 quidem·
2222 994 2511 1064 evidens
2565 1012 2696 1086 est,

489 1097 601 1188 jus
642 1087 1038 1169 simut‘cum
1076 1094 1326 1168 officio
1357 1095 1601 1166 datum
1636 1094 1948 1188 Regibus
2004 1097 2286 1186 exigere
2313 1146 2337 1186 ‚
2386 1120 2470 1167 ne
2523 1097 2698 1190 quid

497 1200 677 1270 clam
717 1202 887 1291 ipsis.
921 1203 991 1272 in
1020 1203 1305 1273 civitate
1349 1199 1506 1288 fiat,
1545 1222 1633 1271 ex
1675 1222 1826 1291 quo
1856 1199 2153 1291 aliquod.
2184 1200 2259 1268 in
2298 1199 2703 1291 Rempubli·

495 1325 647 1372 cam
678 1304 1174 1374 detrimentum·
1199 1305 1423 1395 possit·
1438 1325 1867 1395 promanarea
1884 1304 1955 1373 N
1961 1323 2118 1375 osse·
2136 1325 2307 1376 vero
2336 1304 2505 1394 quid
2535 1325 2708 1396 aga--

498 1422 614 1475 tur
642 1457 666 1497 ‚
705 1427 958 1477 noxam
983 1408 1341 1499 publicam.
1384 1410 1602 1477 oculis
1652 1424 1888 1478 tenere
1905 1458 1938 1498 ‚.
1980 1429 2107 1478 nec
2150 1406 2404 1477 habere
2462 1424 2703 1499 potes-

501 1524 721 1600 tatem
782 1510 1269 1603 impediendi.)
1322 1509 1456 1584 hoc
1510 1533 1692 1583 vero.
1729 1529 1878 1583 tam.
1924 1532 2161 1582 secum
2205 1531 2520 1603 pugnans
2579 1528 2725 1602 est,

502 1636 710 1705 quam
780 1612 972 1706 quod
1012 1618 1330 1685 maxime.
1384 1613 1778 1707 Utrumque
1832 1618 2053 1710 igitur
2096 1617 2206 1708 jus
2263 1618 2570 1705 imperio
2592 1618 2705 1684 ci-

386 1759 392 1764 ·
509 1720 634 1789 vili
693 1719 894 1789 inest.
937 1718 1032 1788 Et
1069 1723 1404 1810 quoniam
1436 1717 1798 1810 ChristUS‚
1851 1723 1977 1790 etsi
2034 1719 2310 1810 Regum
2355 1720 2507 1811 jura
2574 1741 2728 1791 nort.

505 1824 783 1895 auxerit
810 1873 843 1915 ‚.
900 1845 1023 1896 nec
1077 1823 1481 1894 diminuerit
1541 1840 1811 1913 tamen,
1879 1816 1998 1922 (5.
2068 1815 2450 1920 XXXVI.)
2517 1840 2717 1893 extra

503 1946 779 1995 omnem
818 1924 1021 1992 nobis
1058 1927 1606 1996 controversiam
1641 1930 1954 2015 positum..
1982 1946 2138 1996 esse
2165 1925 2424 2015 debet,.
2454 1944 2722 1998 utram·

502 2050 640 2119 que
705 2025 891 2097 hanc*
926 2043 1336 2119 potestatem
1365 2078 1390 2116 .,
1440 2044 1721 2118 recepta
1786 2030 1856 2099 in
1897 2030 2327 2097 territorium
2396 2027 2723 2100 Ecclesia-

509 2129 883 2203 christiana
917 2181 951 2221 „
984 2129 1480 2224 imperantibus
1520 2122 1864 2224 integram
1916 2134 2174 2203 servari
2219 2131 2736 2224 illibatamque,

517 2252 660 2307 tam
698 2236 1164 2328 cognoscendi
1193 2237 1995 2328 scilicet-quaeaguntur
2034 2235 2121 2303 ab
2161 2237 2321 2323 illa,
2352 2257 2555 2326 quam
2601 2259 2724 2334 ve-

516 2339 715 2409 tandi
756 2360 890 2432 pro·
921 2340 1382 2429 auctoritate,
1423 2361 1506 2411 nte
1537 2342 1817 2412 omnino
1847 2338 1969 2409 fiat
1999 2339 2408 2431 quidquam,
2439 2337 2628 2433 quod
2656 2340 2740 2409 in¹

517 2439 950 2535 Reipublicae
1004 2442 1504 2514 detrimentum
1553 2445 1767 2534 possit
1806 2442 2230 2515 redundare.
2267 2431 2390 2541 (ς.
2430 2433 2728 2540 CXVI.)
2797 2479 2800 2480 f

518 2583 543 2624 ¹.
627 2544 897 2618 Senot...
995 2545 1095 2615 Os
1137 2542 1481 2620 hominis!
1545 2546 1694 2617 tun'
1753 2570 1930 2620 vero
1975 2548 2190 2617 audes
2255 2545 2532 2617 Christi
2584 2544 2734 2617 Ec·-

519 2645 809 2722 clessam
844 2653 917 2721 in
945 2646 1123 2722 hanc
1150 2651 1500 2722 adducere
1532 2653 2026 2742 suspicionem,
2066 2651 2260 2741 quasi
2304 2651 2423 2718 illa
2464 2652 2551 2718 sit
2592 2670 2752 2721 umr

515 2772 731 2843 quam
759 2750 1034 2826 factura
1061 2754 1418 2848 quidpiam
1436 2804 1459 2844 ‚
1496 2756 1699 2847 quod'
1718 2777 1980 2838 nocere
1996 2753 2210 2848 possit
2237 2754 2511 2823 civitati
2539 2751 2570 2820 ’ἐ
2598 2751 2741 2823 Im·-

519 2875 645 2924 mo.
681 2877 853 2926 vero
904 2856 980 2924 id
1033 2877 1171 2947 ego
1213 2856 1539 2928 futurum·
1597 2879 1978 2949 numquam
2024 2859 2238 2949 plane·
2281 2872 2510 2926 certus
2561 2876 2753 2927 sumt·

526 2955 652 3022 sed
691 2945 941 3051 (quod
983 2957 1054 3021 in
1092 2976 1295 3023 aures
1332 2959 1464 3023 tibi
1503 2960 1778 3025 dictum·
1810 2952 2005 3052 esto)
2034 2964 2152 3051 qui
2182 2959 2587 3032 Christiano
2614 2981 2742 3052 po·

494 3055 705 3145 -pulo
748 3071 1051 3150 praesunt
1089 3103 1112 3143 ,
1182 3056 1493 3149 singulos
1559 3078 1705 3126 esse
1772 3056 2097 3128 homines·
2138 3064 2247 3152 ajo
2275 3111 2297 3148 ,
2349 3067 2485 3150 qui
2510 3086 2757 3135 errare·

522 3174 865 3251 possimne
908 3161 1031 3249 qui
1068 3156 1435 3238 affectibus
1477 3158 1683 3252 duci,
1725 3162 1857 3250 qui·
1900 3164 2162 3231 servire
2213 3163 2614 3252 cupiditati.
2654 3168 2749 3240 In·

523 3260 635 3342 his
674 3261 1042 3360 hominum·
1086 3264 1277 3334 vitiis
1338 3251 1806 3354 praecavendis
1861 3266 2216 3354 oculatum
2273 3266 2739 3356 egoPri'nci-

523 3385 693 3458 pem.
726 3361 946 3457 volo,
1003 3387 1148 3438 non
1183 3368 1615 3458 in‘p'ericulo.
1664 3367 1754 3436 ab
1792 3367 2112 3439 Ecclesia
2151 3365 2425 3439 Christi
2470 3371 2745 3460 impen-

526 3469 783 3560 dente,
817 3470 1012 3562 quod
1044 3470 1310 3550 nullum
1350 3471 1684 3542 est.·Nec-
1714 3471 1923 3543 valde
1969 3493 2290 3562 moveor,
2325 3474 2379 3542 si
2402 3473 2511 3565 jus
2548 3472 2740 3548 istud

530 3571 966 3666 Principibus
1005 3572 1421 3644 Christianis
1448 3626 1471 3665 ‚
1508 3599 1589 3646 ac
1625 3594 1854 3646 cetera
1894 3575 2064 3647 huic
2098 3577 2463 3668 conjuncta
2502 3595 2746 3669 erepta·

533 3679 761 3767 velis,
812 3676 1219 3771 hoc-„magis
1265 3679 1460 3770 quod
1498 3680 2050 3752 Puffendotfium
2115 3684 2206 3750 in*
2250 3681 2426 3751 libro
2474 3683 2555 3753 de
2606 3680 2741 3750 hci-

532 3776 603 3845 bi
609 3796 697 3876 ταἑ
723 3782 1092 3880 religiqnis·
1121 3783 1455 3880 doctrinae
1483 3786 1696 3855 istius‘
1722 3799 2085 3857 auetorem·
2106 3787 2454 3857 exstitisse·
2475 3784 2758 3882 fetum.

530 3877 851 3984 ‚Pri’m‘um
889 3886 1079 3952 enim·
1111 3887 1189 3955 in.
1236 3888 1372 3958 hoc
1409 3912 1579 3964 sane
1610 3875 1920 3984 turpiter·
1953 3891 2387 3982 errant..Jus·
2410 3887 2754 3986 supreme·

572 3998 755 4107 ..(1έᾶ)
832 4000 1521 4089 Scheidemantelpczrt„
1549 4035 1604 4076 1.
1647 4026 1774 4091 cap.
1801 4014 1862 4088 6.
1893 4039 1922 4074 ·.
1963 4001 1996 4073 ἓ
2041 4021 2048 4028 ’
2171 3992 2180 3996 ’

660 4151 740 4184 fl
