3275 4784
732 222 897 318 -146
1416 222 1936 293 restent>
1992 230 2127 326 ss>

699 367 961 458 singuli
1028 363 1450 433 ecclesiarum
1524 358 1849 451 Episcopi
1916 350 2162 426 habent
2211 347 2368 423 'sub'
2422 377 2490 424 se
2560 345 2903 448 ecclesias,

706 473 941 560 quibus
997 491 1219 537 curam
1271 468 1582 535 videntur
1643 464 2059 553 impendere,
2114 477 2182 528 et
2237 478 2414 526 nemo
2468 479 2664 551 super
2727 464 2907 531 alie-

706 598 854 642 nam
917 593 1274 639 mensuram
1341 569 1788 650 extenditurg
1854 582 2072 633 tamen
2134 566 2550 654 praeponitur
2614 567 2908 635 omnibus

705 677 1012 745 charitas
1065 672 1363 760 Christi,
1397 674 1471 739 in
1512 691 1641 759 qua
1702 669 1886 738 nu'lla
1940 669 2281 746 simulatio
2341 673 2469 736 est.
2533 667 2904 742 Rationem

703 780 1078 872 Cyprianus
1116 775 1317 843 dabit
1359 777 1430 841 in
1470 773 1767 864 epistola
1804 772 1895 870 ad
1926 769 2343 861 Stephanum
2377 761 2538 869 (1),
2576 776 2902 867 copiosum

706 901 939 972 corpus
1000 895 1112 951 est
1176 879 1668 971 Saces-dotum,
1734 876 1916 966 ajens
1947 925 1970 964 ,
2031 875 2396 943 concordiae
2447 895 2690 947 mutuae
2737 886 2907 976 glu-

705 990 901 1073 tine,
967 1002 1171 1073 atque
1238 982 1528 1050 unitatis
1593 982 1860 1050 vinculo
1922 979 2348 1069 copulatum,
2388 996 2462 1048 ut
2519 984 2580 1050 si
2621 988 2772 1072 quis
2824 1011 2905 1059 ex

706 1091 995 1180 collegio
1058 1103 1283 1155 nostro
1343 1086 1653 1155 Jzaeresim
1686 1080 1975 1170 facere,
2022 1097 2089 1149 et
2133 1105 2416 1174 gregem
2465 1083 2730 1156 Christi
2800 1093 2912 1162 la-

712 1214 942 1263 cerare
992 1209 1068 1259 et
1111 1182 1401 1259 ‘vastare'
1426 1188 1851 1276 tentaverit,
1887 1185 2278 1254 subveniant
2318 1191 2682 1259 ceteri::::
2726 1194 2908 1266 Nam

712 1299 850 1364 etsi
895 1311 1207 1386 pastores
1265 1293 1462 1362 multi
1516 1314 1779 1379 sumus,
1828 1312 2022 1358 unum
2071 1305 2289 1358 tamen
2333 1312 2624 1385 gregem
2668 1291 2908 1412 pascif‘·

715 1423 907 1488 mus,
963 1416 1031 1466 et
1100 1420 1255 1467 oves
1320 1398 1720 1481 universas,
1790 1416 1972 1484 quas
2026 1391 2342 1461 Christus
2403 1401 2731 1488 sanguine
2790 1403 2902 1473 suo‘

719 1518 790 1571 et
838 1505 1148 1593 passione
1184 1503 1554 1592 quaesivit‚
1595 1499 1918 1591 colligere
1960 1512 2025 1565 et
2052 1491 2297 1579 fovere
2337 1498 2659 1570 debemus.
2699 1499 2907 1589 Quoa

722 1609 903 1673 circa
946 1623 1102 1694 apte
1145 1629 1333 1670 unum
1374 1627 1510 1670 esse
1551 1619 1998 1718 epzscopatum
2036 1600 2314 1667 dicebat
2341 1592 2481 1700 (2),
2508 1605 2692 1693 cujus
2719 1606 2760 1674 ὰ
2786 1612 2915 1676 sin-

715 1710 909 1799 gulis
961 1710 1029 1772 in
1092 1708 1368 1773 solzdum
1406 1723 1573 1794 pars
1630 1701 1928 1771 t'ene'tur.
1968 1703 2240 1791 Neque
2308 1723 2456 1794 est,
2519 1710 2707 1796 quod
2775 1713 2910 1780 sibi

721 1809 812 1876 de
872 1810 1167 1896 primatu
1217 1823 1479 1875 metuat
1516 1807 1964 1875 Bellarminus
1996 1855 2019 1893 ‚
2053 1808 2250 1895 quasi
2289 1829 2441 1877 cum
2473 1808 2916 1910 jurisdictio-

724 1931 812 1981 ne
858 1912 1361 2002 Episcoporum
1402 1907 1858 1980 immediate
1837 1933 1879 1979 a
1920 1908 2235 1981 Christo
2251 1929 2548 2002 accepta
2566 1913 2915 1986 cohaerere

728 2037 869 2084 non
926 2017 1185 2107 possit:
1231 2036 1433 2106 quam
1486 2036 1738 2085 vanam
1802 2016 2260 2103 suspicionem
2300 2014 2441 2106 jam
2497 2018 2667 2087 olim
2703 2022 2912 2090 tertio

718 2119 1066 2190 ‘Ecclesiae
1129 2122 1385 2190 saeculo
1426 2121 1827 2209 proscripsit
1862 2118 1946 2185 S.
1986 2117 2391 2209 Cyprianus.
2439 2135 2444 2140 ’

840 2225 1101 2295 SenoL.
1192 2225 1291 2292 ·In
1348 2225 1598 2292 eodem
1649 2224 1737 2291 de
1799 2223 2070 2290 unitate
2123 2221 2308 2290 libro
2343 2274 2367 2311 ‚
2427 2223 2593 2294 dum
2649 2227 2745 2294 sic
2795 2225 2921 2316 aits:

725 2328 1069 2416 Loquitur
1124 2329 1444 2394 Dominus
1493 2329 1587 2393 ad
1644 2326 1974 2393 Petrum:
2044 2344 2247 2415 super
2322 2326 2489 2397 hanc
2541 2327 2924 2420 petramtzi'e

728 2430 896 2506 Tibi
947 2429 1131 2494 dabo·
1172 2430 1393 2493 claves
1409 2448 1507 2491 τετε
1548 2427 1652 2493 Et
1681 2429 1986 2514 quamvis
2024 2427 2408 2517 Apostolis¹
2438 2435 2723 2502 omnibus
2764 2432 2923 2525 post

732 2528 1276 2596 resurrectionem
1318 2549 1496 2595 suam
1527 2547 1762 2618 parem
1795 2534 2204 2618 potestatem
2245 2536 2508 2604 tribuat
2539 2588 2562 2627 2
2610 2556 2677 2607 et
2717 2533 2922 2607 dicat:

736 2631 937 2700 Sicut
980 2632 1169 2699 misit
1212 2654 1308 2699 me
1348 2630 1565 2699 Pater
1595 2683 1616 2722 a
1655 2648 1724 2700 et
1767 2637 2128 2725 ego-mitto
2165 2659 2280 2704 vos
2309 2643 2661 2730 ‚accipite
2701 2642 2927 2732 Spiri-

728 2754 877 2804 Jum
933 2736 1303 2822 Sanctum,
1347 2736 1414 2801 si
1470 2739 1577 2803 cui
1629 2739 2033 2804 remiseritis
2091 2756 2490 2823 peccatam:
2554 2758 2779 2809 tamen
2857 2758 2927 2812 ut

730 2840 1067 2906 unitatem
1106 2834 1624 2924 manifestaret,
1667 2839 1954 2904 unitatis
1992 2837 2274 2924 ejusdem
2311 2839 2645 2931 originem
2686 2847 2773 2913 ab
2818 2838 2932 2918 uno

740 2942 1164 3031 incipientem
1207 2965 1322 3010 sua
1367 2941 1790 3010 auctoritate
1815 2938 2176 3030 disposuit.
2189 2937 2354 3010 Hoc
2369 2951 2570 3013 erant
2609 2945 2841 3038 utique
2863 2966 2933 3018 et

734 3047 959 3115 ceteri
1000 3046 1359 3135 Apostoli,
1396 3048 1572 3136 quod
1594 3040 1749 3128 fuit
1778 3043 2069 3133 Petrus,
2096 3044 2258 3133 pari
2298 3052 2630 3119 consortio
2649 3053 2932 3142 praediti

746 3166 812 3216 et
856 3148 1122 3219 honoris
1167 3168 1234 3219 et
1270 3164 1690 3238 potestatis:
1727 3149 1848 3217 sed
1877 3148 2224 3215 exordium
2277 3150 2359 3216 ab
2412 3154 2674 3221 unitate
2713 3148 2934 3246 profi-

741 3255 1071 3339 ciscitur
1102 3272 1172 3321 ut
1215 3254 1523 3321 Ecclesia
1544 3274 1677 3320 una
1709 3265 2132 3319 monstretur
2162 3249 2375 3320 Conf.
2401 3253 2619 3350 Gasp.
2649 3259 2930 3366 Ju'enin.

739 3357 818 3423 in
854 3371 1190 3429 comment.
1235 3356 1315 3421 de
1355 3374 1635 3427 sacram.
1656 3355 1838 3425 diss.
1859 3375 1955 3447 9
1994 3371 2231 3446 quaest.
2279 3379 2342 3427 1.
2376 3374 2513 3429 art.
2544 3380 2629 3448 3

838 3811 956 3978 ξι)
1039 3818 1234 3876 Edit..
1254 3820 1462 3880 Baluz.
1502 3821 1600 3901 67.

881 3894 958 3978 2)
1041 3898 1175 3959 Lib.
1212 3903 1281 3959 de
1317 3905 1467 3963 unit.
1494 3901 1803 3963 Ecclesiae.
