3275 4784
731 276 828 359 70
1478 278 1909 333 sacrro
1987 282 2063 333 1.

679 428 796 476 eos
831 405 1238 475 sententiam
1277 402 1727 494 depositionis
1758 401 1922 471 dare
1967 403 2199 493 possit.
2230 424 2294 492 5.
2339 402 2550 490 Quod
2604 404 2851 478 absen-

680 529 784 580 tes
822 512 1003 600 Papa
1046 510 1258 600 possit
1285 508 1658 598 deponere.
1701 503 1770 574 6.
1813 507 2029 590 Quod
2058 530 2211 575 cum
2254 513 2858 581 excommunicatis

679 615 767 684 ab
808 617 927 682 illo
963 618 1144 682 inter
1183 630 1409 681 cetera
1453 635 1572 679 nec
1616 613 1683 676 in
1722 611 1961 679 eadem
2029 611 2233 680 domo
2272 611 2640 682 debeamus
2699 637 2860 706 per-

677 738 976 787 manere.
1021 739 1092 803 7.
1135 712 1350 801 Quod
1389 714 1490 783 illi
1525 716 1649 782 soli
1685 714 1890 783 liceat
1922 736 2047 805 pro
2087 714 2413 806 temporis
2455 724 2856 788 necessitate

677 845 890 892 novas
928 823 1114 911 leges
1155 820 1452 888 condere
1484 840 1697 887 novas
1770 817 1999 909 plebes
2041 840 2503 911 congregare,
2572 823 2657 889 de
2708 819 2856 890 Ca·-

676 928 887 996 nonia
919 924 1286 994 Abbatiarn
1316 921 1545 992 facere
1574 915 1695 992 ete
1722 940 1961 992 contra
1981 974 2002 1011 ,
2030 925 2319 991 divitem
2364 920 2856 1015 Episcopatum

677 1030 1034 1118 dividere,
1069 1046 1137 1097 et
1180 1029 1415 1119 inopes
1454 1029 1681 1096 unire.
1713 1027 1781 1094 8.
1812 1027 2023 1110 Quod
2056 1026 2237 1094 solus
2266 1030 2366 1094 uti
2400 1031 2609 1117 possit
2641 1032 2855 1120 impe-

673 1135 960 1203 rialibus
991 1133 1323 1223 insigniiS.
1354 1153 1427 1223 9.
1455 1131 1669 1216 Quod
1697 1133 1910 1199 solius
1939 1129 2136 1221 Papae
2165 1132 2370 1221 pedes
2399 1153 2629 1200 omnes
2661 1134 2856 1203 Prin-

673 1241 859 1328 cipes
898 1236 1414 1306 deosculentur.
1439 1250 1568 1303 210.
1598 1228 1815 1319 Quod
1858 1235 2043 1304 illius
2080 1238 2289 1304 solius
2332 1254 2574 1304 nomen
2604 1237 2854 1307 in‘Ec-

665 1343 894 1410 ‘clesiis
937 1341 1290 1410 recitetur.-
1318 1348 1354 1408 '1
1381 1360 1444 1407 1.
1475 1339 1691 1423 Quod
1726 1338 2003 1409 unicum
2044 1341 2131 1407 sit
2171 1360 2413 1407 nomen
2456 1339 2852 1432 inmundo,

673 1446 875 1536 Papae
903 1445 1259 1513 videlicet.
1306 1466 1332 1511 1
1354 1465 1421 1511 2.
1448 1440 1662 1528 Quod
1692 1443 1795 1512 illi
1824 1444 2027 1512 liceat
2056 1441 2514 1534 Imperatores
2552 1442 2858 1536 depone-

673 1571 768 1619 re.
824 1570 936 1635 13.
979 1545 1193 1632 Quod
1233 1548 1332 1614 illi
1377 1549 1577 1616 liceat
1616 1541 1707 1616 de
1761 1548 1923 1615 sede
2000 1545 2090 1614 ad
2142 1548 2408 1635 sedem,
2444 1551 2848 1620 'necessitate

671 1669 1003 1741 cogente,
1046 1641 1424 1740 Episcopos
1462 1667 1941 1718 transmutare.
1994 1674 2107 1738 14.
2151 1650 2363 1734 Quod
2393 1652 2481 1719 de
2508 1644 2693 1720 omn'i
2725 1653 2850 1722 Ec·

672 1754 917 1842 clesi-a',
946 1767 1385 1844 quoqumque
1426 1755 1768 1842 voluerit,
1806 1750 2154 1822 Clericum
2210 1756 2439 1823 valeat
2500 1757 2848 1828 ordinare.

682 1881 709 1926 1
734 1867 798 1945 ς’.
840 1858 1054 1942 Quod
1095 1856 1346 1927 ab‘illo
1399 1858 1757 1926 ordinatus
1823 1857 1941 1925 alii
2010 1854 2337 1926 Ecclesiae
2397 1876 2639 1949 praesse
2687 1873 2852 1951 p'os·

674 1964 798 2050 sit,
839 1961 1134 2029 sednon
1177 1963 1512 2049 militare,
1552 1977 1622 2029 et
1658 1961 1846 2052 quod
1889 1960 1977 2028 ab
2004 1961 2125 2029 illo
2164 1960 2511 2054 Episcopo
2553 1964 2852 2033 nonde-

674 2066 836 2134 beat
876 2066 1299 2155 superiorem
1341 2054 1630 2156 gradum
1672 2066 2009 2155 accipere.
2071 2060 2185 2132 16.
2224 2065 2437 2149 Quod
2469 2068 2680 2135 nulla
2712 2068 2857 2154 ⁸*Sy-

669 2169 894 2238 nodus
934 2168 1188 2259 absque
1217 2185 1560 2260 praecepto
1599 2168 1743 2260 ejus
1770 2168 2021 2237 debeat
2061 2169 2397 2260 generalis
2424 2171 2682 2240 vocari.
2735 2194 2851 2260 17.

667 2273 888 2357 Quod
927 2274 1193 2342 nullum
1233 2273 1617 2366 capitulum
1672 2273 2037 2363 nullusque
2091 2271 2268 2340 liber
2305 2274 2670 2342 canonicus
2726 2273 2854 2344 ha-

646 2376 924 2445 beatur
961 2375 1216 2464 absque
1259 2379 1442 2444 illius
1471 2378 1908 2444 auctoritate.
1962 2376 2074 2443 18.
2113 2376 2327 2459 Quod
2385 2378 2719 2469 sententia
2760 2377 2854 2446 il·—

665 2479 802 2546 lius
830 2475 872 2543 ὲ.
902 2477 1095 2544 nullo
1133 2475 1383 2543 debeat
1425 2477 1819 2563 retractari,
1858 2493 1927 2542 et
1965 2477 2109 2564 ipse
2150 2481 2451 2547 omnium
2483 2481 2677 2549 -solus
2744 2503 2854 2551 re-

671 2597 968 2650 tractare
1010 2580 1244 2668 possit.
1296 2599 1409 2670 19.
1450 2579 1666 2662 Quod
1704 2574 1746 2646 a
1785 2579 2051 2646 nemine
2079 2579 2223 2669 ipse
2247 2581 2545 2670 judicari
2574 2581 2851 2655 debeat.

674 2683 1025 2769 20.Quod
1056 2681 1283 2751 nullus
1310 2681 1566 2751 audeat
1606 2681 2065 2751 condemnare
2098 2684 2565 2772 Apostolicam
2580 2683 2852 2759 Sedem.

673 2810 797 2857 21.
839 2785 1054 2871 Quod
1093 2786 1376 2877 majores
1414 2807 1636 2854 causae
1673 2787 2158 2877 cujuscumque
2198 2785 2522 2856 Ecclesiae
2566 2791 2652 2856 ad
2694 2814 2851 2862 eum

670 2889 919 2960 referri
959 2887 1279 2957 debeant.
1322 2911 1440 2959 22.
1473 2888 1687 2973 Quod
1731 2887 2044 2958 Ecclesia
2114 2891 2440 2959 Romana
2476 2913 2849 2985 numquam

668 2992 1042 3080 erraverit,
1085 3013 1209 3060 nec
1252 2994 1322 3061 in
1363 3010 1770 3084 perpetuum
1810 2988 2147 3082 scriptura
2193 2990 2485 3065 testante
2536 3015 2845 3067 erratura

666 3100 779 3164 sit.¹
825 3095 1203 3192 2312Qu0d
1242 3092 1594 3166 Romanus
1635 3092 2004 3188 Pontifex,
2037 3099 2092 3166 si
2134 3102 2464 3168 canonice·
2490 3097 2706 3170 fuerit
2734 3123 2848 3170 or-

668 3195 1278 3290 dinatu5,‘metitis
1317 3201 1396 3270 B.
1437 3201 1623 3269 Petri
1660 3201 2141 3271 indubitanter
2167 3199 2518 3272 efficiatur
2543 3221 2851 3294 sanctuS,

668 3323 964 3376 testante
992 3300 1058 3373 S.
1085 3289 1428 3374 ‘Eunodio
1454 3305 1772 3395 Papiensi
1813 3305 2199 3397 Episcopo,
2233 3322 2302 3374 et
2344 3308 2575 3374 multis
2600 3311 2849 3376 sanctis

665 3410 985 3478 Patribus
1025 3404 1460 3496 faventibus,
1500 3410 1677 3477 sicut
1713 3412 1781 3479 in
1823 3408 2119 3478 decretis
2171 3407 2250 3477 B.
2290 3403 2684 3495 Symmakha
2722 3410 2852 3478 Pa-

656 3528 773 3602 ·pae
822 3514 1238 3580 continetur.
1310 3532 1429 3597 24.
1488 3510 1704 3593 Quod
1777 3511 1961 3578 illius
2030 3529 2370 3601 praecepto
2422 3527 2491 3579 et
2566 3511 2849 3584 licentia

670 3613 992 3704 subjectis
1021 3614 1224 3683 liceat
1262 3603 1608 3682 accusare.
1646 3635 1774 3701 25.
1807 3612 2023 3697 Quod
2050 3614 2306 3702 absque
2336 3613 2654 3699 synodali
2693 3637 2852 3684 con·

663 3716 1504 3808 ventu'possitEpiscopos
1521 3716 1865 3809 deponere
1882 3735 1953 3785 et
1981 3717 2449 3786 reconciliare.
2483 3712 2601 3783 26.
2630 3717 2847 3803 Quod

665 3818 1070 3905 Catholicus
1098 3843 1235 3890 non
1262 3819 1635 3911 habeatur,
1686 3820 1831 3910 qui'
1879 3840 2013 3888 non
2067 3820 2443 3889 concordat
2520 3818 2847 3890 Romanae

671 3923 1023 3993 Ecclesiae.
1068 3944 1188 4013 27.
1256 3922 1468 4009 Quod
1522 3919 1564 3992 ὲ
1642 3922 1978 4010 fidelitate
2041 3924 2437 4016 iniquorum
2511 3925 2848 4017 subjectos

668 4031 881 4119 possit
906 4028 1288 4103 absolvere.
