3275 4784
639 159 778 237 160
1377 176 1806 231 SECTIO
1904 179 1959 230 1.

502 310 515 331 ²
575 324 676 374 tes
716 297 1225 396 producantur?
1267 298 1462 387 Quid
1491 303 1545 368 si
1575 302 1853 370 demum
1882 317 2216 370 consueto
2246 320 2432 371 more
2464 307 2773 394 promul-

576 427 1043 498 gatae,usuve
1085 423 1206 475 aut
1271 406 1772 474 consuetudine
1828 423 2119 495 receptae
2173 428 2307 473 non
2373 409 2541 476 sint?
2621 402 2770 483 Aut

569 532 876 602 apertam
903 510 1295 579 Tridentini
1337 510 1597 577 decreti
1628 511 2031 577 sententiam
2059 512 2365 599 captiosa
2390 513 2770 586 verborum

567 615 1136 706 interpretatione
1177 616 1248 681 in
1288 614 1504 680 alium
1530 633 1825 707 eumque
1854 608 1892 679 ὲ
1921 631 2146 681 mente
2177 613 2452 681 Patrum
2483 639 2759 706 prorsus

561 719 866 787 alienum
904 739 1169 786 sensum
1223 715 1730 806 detorqueant?
1774 717 1886 784 An
1928 715 2100 784 nihil
2141 715 2248 785 his
2278 724 2607 788 momenti
2643 725 2759 791 in·-

558 840 702 911 est,
733 841 809 890 ut
851 824 940 890 de
969 845 1095 892 usu
1127 821 1674 889 declarationum
1702 824 2251 911 auctoritateque
2280 840 2467 890 recte
2496 847 2575 891 ac
2603 848 2762 914 pru-

555 925 801 994 denter
841 924 1158 994 statuas'i
1202 924 1413 992 Addo
1450 924 1628 994 illud
1658 924 1846 1013 quod
1877 927 2189 1014 apposite
2230 928 2499 995 monuit
2527 927 2756 999 Bene-

548 1029 776 1097 'dictus
819 1030 1008 1098 XIV.
1047 1018 1228 1126 (r).:
1268 1027 1584 1117 Ejusdem
1614 1029 2169 1119 congregationis
2227 1032 2593 1097 sententias
2658 1050 2759 1100 te-

552 1153 726 1198 mere
767 1134 837 1200 in
912 1133 1190 1200 medium
1245 1127 1552 1221 proferri
1630 1131 1713 1198 ab
1793 1132 1979 1219 illis,
2032 1133 2147 1220 qui
2201 1154 2505 1221 nusquam
2564 1136 2752 1225 ipsas

550 1236 852 1305 viderint
883 1287 907 1321 ‚
960 1259 1190 1325 eosque
1215 1237 1602 1324 plerumque
1656 1235 1897 1324 decipi;
1966 1235 2182 1316 Quod
2261 1238 2476 1325 ipsum
2544 1242 2753 1310 etiam

547 1337 746 1406 illico
780 1340 1158 1408 [Wanacelli
1181 1390 1201 1426 ‚
1230 1337 1825 1430 Schmalzgruberi
1856 1341 2182 1428 exemplis
2219 1339 2747 1432 illustrat‚quos

544 1441 617 1508 in
659 1461 1071 1533 argumento
1113 1443 1199 1510 de
1242 1443 1755 1531 irregularitate
1794 1444 2351 1533 congregationis
2392 1445 2745 1515 decisione

548 1544 1028 1634 imprudenter
1066 1546 1312 1614 abusos
1355 1541 1603 1631 fuisse,
1646 1546 1960 1630 erudite,
2001 1562 2078 1612 ut
2131 1545 2352 1632 solet,
2414 1549 2743 1618 ostendit.

650 1648 906 1716 Senot..
1014 1648 1188 1717 Vid.
1231 1644 1458 1735 Espen
1502 1649 1570 1713 in
1599 1647 1744 1735 jur.
1791 1647 2052 1716 Eccles.
2094 1649 2388 1716 univers.
2426 1668 2624 1744 part.
2676 1676 2739 1722 1.

547 1750 666 1818 tit.
713 1772 832 1818 22.
859 1770 1003 1841 cap.
1052 1774 1116 1837 5.
1160 1749 1431 1819 Gibert.
1474 1753 1543 1817 in
1583 1769 1760 1840 corp.
1825 1751 1976 1840 jur.
2012 1774 2157 1818 can.
2211 1753 2486 1843 proleg.
2543 1771 2740 1843 part.

555 1875 620 1919 1.
661 1855 781 1920 tit.
844 1876 966 1942 23.
1004 1852 1362 1947 Ruprecht
1437 1855 1506 1922 in
1545 1870 1685 1923 not.
1740 1855 1933 1925 Hist.
2020 1856 2182 1926 crit.
2236 1872 2434 1948 part.
2487 1876 2747 1954 hpag.

552 1975 723 2042 310.
763 1980 956 2050 seqq.
1386 2056 1451 2149 §fl
1526 2059 1838 2133 CXXVI

886 2275 1012 2353 De
1053 2282 1345 2355 ceteris
1395 2275 1652 2354 Curiae
1678 2276 2030 2352 Romanae
2077 2277 2397 2376 legibus.

693 2478 862 2545 Sunt
905 2495 1148 2566 praeter
1189 2476 1366 2544 hanc
1408 2477 1560 2545 aliae
1599 2475 1988 2565 complures
2029 2470 2071 2543 ὲ
2107 2474 2399 2546 diversis
2436 2477 2737 2549 Pontifi-

534 2578 729 2649 cibus
760 2582 1091 2649 institutae
1129 2578 1607 2647 Cardinalium
1648 2573 2264 2670 congregationes,
2304 2603 2385 2647 ea
2437 2582 2730 2671 singulae

534 2681 870 2753 facultate
909 2685 1298 2770 instructae,
1328 2698 1406 2751 ut
1445 2685 1702 2772 possint
1745 2683 1832 2750 de
1871 2682 2170 2772 negotiis
2223 2681 2352 2749 sibi
2408 2687 2733 2753 commis-

535 2789 622 2853 sis
642 2808 766 2874 pro
795 2788 1209 2853 auctoritate
1237 2785 1630 2853 decernere.
1665 2782 1756 2851 Et
1784 2800 1940 2852 sunt
1968 2783 2532 2855 scholasticorum
2561 2791 2729 2877 qui-

535 2889 694 2955 dam
735 2889 911 2955 adeo
945 2889 1018 2955 in
1055 2884 1340 2957 Curiam
1379 2887 1759 2956 Romanam
1813 2883 2090 2973 facileS‚
2143 2903 2223 2955 ut
2290 2908 2428 2955 non
2478 2888 2726 2969 harum

540 2990 749 3058 modo
785 2991 1062 3060 decreta
1102 2993 1376 3080 omnia,
1415 3011 1660 3061 verum
1698 2989 1899 3059 Rotae
1953 2991 2164 3059 etiam
2225 2988 2555 3062 Romanae
2593 2994 2725 3062 de·-

531 3095 821 3162 cisiones
857 3093 1006 3162 orbi
1049 3097 1375 3164 universo
1416 3116 1545 3184 pro
1593 3093 1870 3184 legibus
1932 3109 2271 3164 conentur
2323 3093 2720 3164 obtrudere.

530 3197 756 3266 Nobis
791 3194 985 3268 nefas
1024 3214 1172 3267 esto
1208 3196 1603 3268 libertatem
1635 3197 1888 3269 Patriae
1923 3213 2067 3269 tam
2106 3197 2247 3272 levi
2284 3199 2510 3290 pretio
2544 3215 2719 3291 pro-

528 3299 799 3394 digere.
835 3297 1049 3374 Conf.
1088 3299 1313 3396 Espen
1353 3302 1457 3375 loc
1493 3300 1620 3374 cit.

612 3937 710 4022 (1)
791 3940 940 4029 Ιηυξ.
977 3941 1211 4004 Eccles.
1241 3965 1368 4007 101.
1411 3966 1464 4006 n.
1506 3963 1599 4021 19.
