3275 4784
650 206 747 303 36
860 300 864 304 Α
1375 225 1756 281 sECTto
1862 229 1915 280 1.

605 353 695 423 V.
736 371 876 444 cap.
911 378 981 441 4.
1010 366 1149 421 ort.
1181 378 1252 441 4.
1295 366 1364 420 et
1401 351 1671 419 Salmon
1709 351 1913 419 citat.
1948 354 2153 419 tract.
2184 367 2374 443 part.
2413 375 2479 421 2‘.
2545 415 2549 417 Δ

707 457 964 526 Senot.
1006 458 1100 524 II.
1210 456 1442 546 Atque
1485 455 1597 523 hic
1638 459 1956 546 proprius
2011 453 2786 527 Africanorum-Codex

596 557 764 633 fuit.
802 560 961 628 Nee
1000 577 1225 626 tamen
1262 562 1508 650 ignota
1545 560 1684 626 illis
1727 556 1894 626 fuit>
1940 561 2160 648 prisca
2229 559 2648 630 Graecorum·
2673 585 2790 630 ca-

594 683 852 732 nonum
890 663 1270 730 translatio·
1346 661 1626 752 Colligo
1699 664 1770 729 id
1824 684 1908 729 ex
1970 661 2409 730 Breviatione
2477 674 2785 745 canonum

592 766 950 857 Fulgentii
991 766 1360 851 Ferrandi5
1400 769 1517 855 qui
1559 766 1816 845 Justini
1882 781 2082 833 aetate
2110 788 2189 833 ac
2231 767 2273 845 J
2283 769 2604 835 ustiniani
2649 769 2786 836 flo-

596 870 766 939 ruit.
809 869 979 938 Vid.
1018 869 1262 936 FranC.
1303 869 1589 937 Florens
1628 871 1698 935 in
1731 870 1888 934 diss.
1921 869 1998 934 de
2046 868 2248 960 Orig.
2302 867 2477 965 Jur.
2519 871 2779 949 Canon.

593 971 1104 1042 Auctoritatem
1142 973 1290 1061 ejus
1324 969 1532 1038 fuisse
1577 993 1713 1038 non
1751 972 2087 1038 modicam
2130 975 2420 1040 maxime
2464 976 2533 1040 in
2589 973 2786 1043 Afri-

594 1097 676 1145 ca
718 1076 891 1144 nihil
931 1076 1233 1165 ambigo,
1291 1077 1521 1164 Atque
1550 1092 1651 1142 est
1679 1076 1820 1165 ejus
1860 1076 2063 1175 etism
2109 1097 2285 1142 nunc
2328 1098 2775 1167 permagnum

593 1182 781 1268 apud
824 1180 1129 1248 eruditos
1170 1181 1490 1268 pretium.
1531 1178 1796 1245 Verum
1839 1198 1973 1245 non
2010 1197 2196 1246 caret
2239 1183 2450 1246 naevis
2481 1202 2777 1270 opuscu-

589 1282 734 1351 lum
812 1285 973 1352 licet
1011 1299 1512 1372 pervetustum.
1551 1278 1959 1369 Complures
2001 1283 2269 1350 notavit
2336 1283 2651 1352 Florense
2702 1303 2773 1353 et

588 1385 1042 1456 observarunt
1059 1388 1267 1454 etiam
1284 1386 1628 1452 Altassera
1644 1402 1711 1452 et
1727 1383 1782 1452 C
1796 1381 2152 1452 hiffletius:
2175 1388 2537 1454 novissime
2556 1387 2774 1471 Ques·

589 1492 812 1558 nellus
842 1490 911 1556 in
950 1491 1222 1557 dissert.
1275 1512 1299 1554 1
1324 1489 1507 1575 5..ad
1531 1507 1734 1576 opera
1776 1487 2050 1555 Leonis:
2090 1489 2340 1576 quibus
2371 1491 2550 1557 adde
2604 1491 2774 1568 Jus-

590 1594 874 1679 tellum,
911 1589 1340 1659 Cotelerium
1381 1593 1451 1658 in
1479 1607 1612 1658 not.
1649 1593 1737 1657 ad
1773 1610 1920 1680 cap.
1966 1612 2084 1657 20.
2152 1593 2272 1657 lib.
2334 1614 2400 1679 3.
2465 1592 2763 1663 Constit.

588 1694 910 1785 Apostol.
951 1710 1107 1763 tom.
1161 1718 1222 1761 1.
1253 1713 1423 1784 pag.
1472 1714 1643 1784 293.
1688 1710 1755 1762 et
1796 1693 2136 1784 Bingham
2195 1693 2313 1762 lib.
2361 1717 2428 1761 2.
2456 1699 2600 1786 cap.
2654 1721 2678 1763 1
2707 1721 2767 1767 1.

589 1802 648 1882 S.
696 1794 767 1865 6.
809 1799 920 1865 An
961 1819 1172 1885 vero,
1212 1799 1402 1886 quod
1445 1796 2290 1887 vehementer‘cupiebat,
2351 1798 2767 1881 Quesnellus

588 1902 946 1989 epistolam
985 1897 1251 1985 Cyricii
1295 1898 1821 1991 Conciliumque
1863 1896 2220 1989 Cellense,
2259 1901 2346 1968 de
2363 1923 2503 1991 quo
2541 1901 2774 1970 Cous-

585 2006 844 2071 tantius
885 2006 953 2071 in
984 2003 1213 2093 Epist.
1257 2002 1530 2071 Roman.
1563 1999 1829 2087 Pontis.
1866 2022 2029 2093 pag.
2064 1999 2238 2090 634.
2315 2008 2593 2071 omnino
2656 2028 2770 2073 es-

585 2128 661 2173 se
701 2107 1128 2196 repudianda
1169 2110 1328 2174 satis
1368 2107 1805 2197 probaverit,
1846 2123 1922 2174 ut
1964 2108 2186 2173 visum
2225 2123 2324 2173 est
2366 2108 2657 2175 Bowero
2697 2112 2768 2178 in

589 2210 781 2278 Hist.
823 2209 1012 2278 Rom.
1053 2207 1320 2294 Pontis.
1375 2227 1529 2277 tom.
1579 2234 1641 2278 1.
1673 2228 1842 2301 pag.
1888 2204 2056 2297 366.
2101 2211 2458 2300 peritiores
2509 2231 2614 2277 me
2647 2198 2790 2303 ju-'

587 2313 848 2382 dicent.
889 2315 1205 2382 Tu'vide
1243 2313 1658 2402 Stephanum
1701 2314 2059 2381 Baluzium
2104 2316 2172 2378 in
2233 2314 2509 2380 diss.*de
2586 2313 2769 2382 Con-

585 2416 744 2483 cilio
786 2415 1164 2504 Teleptensi
1185 2465 1206 2501 ,
1236 2439 1386 2503 quae
1428 2417 1696 2480 adnexa
1737 2431 1835 2481 est
1855 2415 2042 2480 libris
2083 2413 2171 2481 de
2208 2416 2577 2485 concordia
2638 2417 2767 2487 Sa·

583 2519 881 2585 cerdotii
910 2533 977 2585 et
1006 2519 1306 2605 Imperii.
1346 2516 1842 2584 Breviationem
1879 2514 1934 2582 F
1939 2518 2208 2590 errandi
2244 2522 2501 2607 primus
2537 2521 2762 2590 edidit

589 2619 830 2688 Petrus
869 2619 1198 2689 Pithoeus
1240 2618 1472 2687 Paris.
1503 2643 1654 2686 ann.
1732 2619 1951 2706 1588.
2004 2636 2126 2687 aut
2199 2638 2274 2688 ut
2317 2621 2565 2691 Gibert
2615 2648 2764 2695 ann.

595 2724 817 2808 1581.
857 2724 1102 2793 Secuta
1167 2740 1324 2791 sunt
1364 2723 1616 2790 deinde
1661 2722 2148 2790 Altasserrana
2224 2747 2371 2792 ann.
2436 2721 2649 2811 1630.
2696 2746 2764 2795 et

583 2822 1035 2913 Chiffletiana
1077 2848 1226 2892 orm.
1310 2821 1527 2916 1649.
1583 2829 1654 2893 in
1696 2847 1830 2916 qua
1875 2829 2236 2915 posteriori
2316 2827 2619 2916 subjecta
2650 2848 2762 2897 est

580 2925 971 3016 praefationi
1011 2932 1415 2998 constitutio
1455 2926 1831 2997 Theodosii
1861 2945 1928 2997 et
1946 2927 2344 2997 Valentiani
2376 2930 2534 2997 ΑΛ.
2571 2930 2761 3002 haud

582 3030 808 3098 dubie*
835 3026 1026 3099 malae
1067 3031 1255 3099 fidei.
1295 3030 1414 3100 Cf.
1438 3032 1702 3100 Franc-
1745 3034 1831 3100 de
1872 3032 2074 3117 Roye
2117 3032 2343 3100 Instit.
2385 3028 2587 3128 Jur.f
2614 3031 2770 3101 Ca-:

577 3156 724 3204 non.
767 3136 886 3203 tit.
924 3158 990 3223 5.
1019 3139 1078 3221 §.
1120 3159 1180 3203 1.
1210 3135 1557 3205 Postrema
1583 3137 1804 3204 editio
1833 3152 1933 3205 est
1966 3136 2008 3214 J
2016 3135 2242 3206 ustelli
2266 3138 2437 3204 tom.
2477 3159 2539 3203 1.
2569 3136 2756 3206 Bibl.

564 3255 737 3329 pag.
782 3239 957 3326 448.
2097 3302 2102 3311 ,

603 3350 609 3360 ’
679 3341 932 3409 Senot.
971 3342 1099 3410 111.
1208 3341 1552 3411 Ferrando
1587 3341 1981 3432 jungendus
2020 3360 2119 3411 est
2147 3343 2598 3432 Cresconius,·
2629 3367 2748 3415 seu

571 3447 787 3529 mavis
813 3441 1246 3533 CrisconiuS,
1275 3445 1534 3514 Africae
1565 3445 1973 3533 Episcopus.
1994 3445 2267 3513 Floruit
2297 3446 2573 3517 Leontii
2603 3449 2783 3514 Im-·›

574 3549 907 3634 peratoris
946 3565 1288 3638 tempore,
1328 3570 1466 3638 quo
1507 3548 1820 3615 Saraceni
1854 3543 2161 3613 Africam
2204 3547 2551 3616 tenebant.
2598 3547 2744 3615 *Pa-'-

575 3651 732 3737 gius
773 3651 840 3716 in
866 3653 1091 3719 critic.
1133 3653 1222 3718 ad
1244 3674 1391 3718 ann.
1425 3646 1597 3741 696.
1631 3672 1696 3717 η.
1745 3653 1813 3738 ς’.
1845 3647 2010 3738 Ejus
2051 3650 2120 3716 in
2144 3649 2296 3737 jure
2326 3669 2557 3718 nostro
2585 3671 2751 3740 ope-

567 3758 646 3818 ra
690 3750 832 3820 duo
874 3756 1716 3822 memoranturtalterum
1756 3751 2183 3818 Brevioriom
2246 3775 2604 3844 canonum3
2642 3758 2751 3823 al·-

574 3854 1026 3946 terum.quod
1066 3855 1431 3923 Concordia
1464 3883 1471 3889 ³
1505 3877 1851 3939 canonum,
1890 3870 2009 3923 aut
2084 3856 2288 3923 etiam
2360 3854 2565 3925 Liber
2628 3881 2749 3926 ca-

566 3977 792 4028 nonum
832 3959 1244 4049 appellatur.
1285 3957 1628 4026 Mabillon
1667 3958 1739 4026 in
1770 3958 1956 4028 Mus.
2012 3959 2171 4028 Ital.
2198 3975 2395 4052 part.
2459 3985 2523 4030 1.
2570 3981 2743 4052 pag.
