3275 4784
755 229 848 306 16
1248 240 1255 247 ·
1529 245 1916 301 sees-10
1996 248 2052 298 1.

666 376 740 444 in
774 374 1040 443 unitate
1067 365 1237 458 fidei
1270 390 1612 465 compages
1652 375 1904 442 retinet
1942 367 2338 439 charitatis.
2370 371 2528 462 Ipse
2560 373 2868 467 Apos'to..

651 479 761 547 lus
800 480 1205 549 charitatem
1245 478 1627 546 Corinthiis
1678 477 2283 546 commendaturus
2345 483 2859 557 sententiarum

644 588 989 673 praeeipue
1029 606 1107 651 ac
1158 583 1488 649 doctrinae
1537 586 1874 649 unitatem
1925 579 2489 648 commendabat:
2585 585 2868 660 Obsecro

653 709 798 770 vos,
827 684 1122 770 fratres,
1155 705 1280 776 per
1318 708 1537 751 nomen
1568 686 1841 752 Domini
1877 688 2091 751 nostri
2120 681 2304 780 Jesu
2334 686 2650 777 Christi,
2688 710 2760 759 ut
2790 696 2872 762 id

654 791 866 880 ipsum
902 791 1149 856 dicatis
1213 813 1421 857 omnes
1447 840 1471 875 .,
1505 805 1571 856 et
1615 814 1738 857 non
1778 791 1918 856 sint
1954 792 2023 856 in
2061 788 2246 857 nobis
2302 790 2687 861 schismata
2716 846 2738 883 ‚
2785 800 2871 865 si-

645 894 746 960 tis
790 910 1008 961 autem
1036 890 1334 981 perfecti
1376 895 1442 958 in
1484 895 1702 964 eodem
1740 917 1967 985 sensu,
2005 911 2079 965 et
2118 895 2190 963 in
2229 897 2451 965 eadem
2483 900 2859 976 sententia.

670 994 731 1064 1.
771 999 863 1068 ad
905 995 1237 1070 Corinth.
1285 999 1342 1065 Ι.
1396 1018 1512 1065 10.

1649 1221 1711 1306 §.
1800 1218 1889 1288 X.

1226 1417 1364 1495 Ex
1430 1439 1573 1517 qua
1630 1423 1889 1493 unitas
1944 1422 2288 1516 capitis.

808 1620 1075 1691 Verum
1111 1617 1256 1690 haec
1298 1624 1482 1710 pacis
1519 1638 1590 1689 et
1623 1620 1986 1690 charitatis
2025 1616 2291 1711 uniias⁹
2332 1642 2540 1712 quam
2582 1625 2651 1694 in
2691 1646 2855 1718 pro·
2913 1682 2924 1691 s

654 1725 821 1816 priis
873 1748 1055 1792 verae
1109 1724 1435 1818 Ecclesiae
1489 1727 1670 1791 notis
1725 1725 1967 1793 Sancti
2016 1725 2270 1794 Patres
2328 1749 2854 1824 connumerant,

662 1848 798 1895 non
849 1849 935 1894 ex
977 1851 1057 1894 ea
1097 1829 1407 1894 consistit
1443 1825 1826 1917 charitate,
1865 1852 2002 1919 qua
2040 1829 2336 1920 diligere
2382 1829 2589 1900 horno
2628 1833 2852 1903 homi-

656 1952 810 1999 nem
856 1934 1065 2000 'etiam
1105 1953 1148 1999 a
1184 1930 1324 1999 fide
1375 1931 1673 1999 alienum
1715 1931 1981 2020 debet,
2016 1932 2139 2001 sed
2189 1957 2275 2002 ex
2315 1932 2655 2004 charitate
2692 1961 2856 2028 qua·

651 2033 813 2101 dam
841 2038 1123 2125 speciali
1161 2033 1714 2104 Christianorum
1747 2039 2063 2126 propria,
2090 2058 2226 2126 qua
2254 2037 2679 2108 adhaerentes
2716 2046 2852 2111 suis

656 2140 949 2228 quisque
992 2141 1379 2230 pastoribus
1420 2158 1490 2209 et
1531 2140 1896 2230 Episcopis
1940 2141 2134 2209 nullo
2184 2140 2471 2209 dissidio
2540 2145 2854 2235 divulsiS,

654 2246 848 2313 nulla
886 2248 1306 2333 opinionum
1319 2268 1399 2315 ac
1427 2246 1920 2315 sententiarum
1947 2246 2283 2314 varietate
2312 2243 2707 2334 disjunctis,
2751 2251 2851 2318 ita

653 2346 834 2427 inter
885 2371 954 2415 se
994 2350 1157 2417 fidei
1200 2353 1645 2418 consensione
1693 2351 2123 2439 junguntur,
2155 2365 2256 2416 ut
2308 2349 2588 2438 idipsum
2639 2351 2850 2418 omnes

657 2451 1019 2517 sentientes
1071 2454 1379 2517 eamdem
1428 2473 1662 2517 omnes
1713 2450 1881 2517 fidei
1939 2453 2277 2517 unitatem
2331 2455 2519 2540 pacis
2564 2454 2844 2523 vinculo

655 2549 1052 2632 custodiant
1105 2544 1222 2648 (ᾗ.
1259 2552 1459 2621 VIII.
1498 2542 1691 2649 DL).
1732 2551 1814 2620 In
1866 2549 2053 2620 hunc
2117 2574 2385 2622 sensum
2426 2554 2684 2624 Patres
2734 2559 2851 2625 vi·-

656 2655 923 2723 sibilem
964 2655 1294 2726 Ecclesiae
1339 2654 1723 2726 Catholicae
1781 2658 2115 2726 unitatem
2164 2660 2604 2746 interpretati
2666 2677 2850 2750 sunt,

659 2762 1038 2850 Cyprianus
1092 2762 1485 2846 praecipue,
1525 2760 1719 2846 cujus
1766 2760 2107 2846 permulta
2148 2762 2416 2823 suntin
2456 2757 2636 2824 hanc
2703 2782 2856 2829 sen-5

659 2862 976 2928 tentiam
1006 2861 1395 2927 testimonia
1455 2860 1731 2925 minime
1796 2859 1912 2924 vel
1967 2858 2262 2924 obscura
2314 2858 2430 2925 vel
2486 2859 2855 2951 ambigua.

657 2961 975 3050 Christo,
1001 2964 1098 3030 ait
1125 2952 1194 3059 (1
1210 2952 1278 3058 ).,
1303 2960 1417 3028 illi
1445 2965 1595 3028 scint
1628 2959 1939 3030 Ecclesia
1955 2960 2154 3052 plebs·
2171 2961 2508 3029 sacerdoti
2537 2965 2857 3058 adunata,

654 3082 747 3137 'et
743 3068 1044 3158 pastori
1069 3073 1182 3135 s'uo
1214 3088 1398 3157 grex
1437 3063 1781 3134 adhaerens
1835 3059 1946 3156 (§
1981 3065 2063 3130 Il·.
2093 3055 2146 3161 )
2175 3063 2364 3133 Unde
2400 3067 2573 3134 scire
2623 3071 2850 3159 debes,

658 3170 1056 3264 Episcopum
1095 3174 1167 3254 in
1203 3169 1511 3240 Ecclesia
1569 3189 1760 3258 esse,
1808 3186 1879 3237 et
1942 3167 2314 3236 Ecclesiam
2365 3169 2436 3236 in
2474 3169 2853 3262 EpiscopO,

661 3293 735 3357 et
773 3280 834 3351 s‘i
873 3279 989 3368 q-ui
1030 3300 1168 3347 cum
1218 3275 1546 3366 Episcopo
1611 3295 1735 3341 non
1798 3273 1937 3341 sint
1966 3322 1991 3363 ,
2026 3270 2444 3361 ita-Ecclesia
2496 3293 2618 3340 non
2664 3276 2850 3343 'esses

656 3399 727 3450 et
777 3379 1057 3465 frustra
1113 3379 1244 3446 sibi
1308 3378 1603 3445 blanditi
1657 3399 1801 3464 eos,
1850 3377 1962 3466 qui
2030 3398 2266 3471 pacem
2342 3396 2485 3442 cum
2546 3379 2849 3444 sacerdo·-

659 3485 842 3550 tibus
896 3485 1033 3550 Dei
1073 3505 1190 3548 non
1231 3481 1544 3549 habentes
1589 3426 1982 3578 obrep’unt,
1970 3494 2070 3551 et
2072 3480 2422 3551 latenter
2419 3478 2612 3567 apud
2661 3492 2845 3588 quos-

658 3589 806 3654 dam
881 3587 1346 3654 communicare
1411 3607 1478 3652 se
1539 3585 1879 3677 credant5
1902 3560 2251 3677 -quando
2258 3568 2576 3669 Ecclestq
2607 3627 2631 3665 ,
2662 3603 2842 3750 Aquae

659 3689 998 3758 catholica
1058 3713 1182 3756 una
1248 3705 1388 3776 est,
1441 3689 1647 3755 scissa
1712 3709 1830 3753 non
1883 3686 1977 3752 sit
2039 3707 2258 3802 neque
2291 3682 2577 3769 divisa,
2590 3705 2658 3750 se
2743 3685 2846 3755 sit

663 3794 898 3883 utique
972 3815 1256 3862 connexa
1307 3807 1375 3860 et
1426 3791 1918 3858 cohaer‘entimn
1923 3788 2073 3857 sihi
2114 3786 2420 3883 invicem
2413 3783 2848 3858 sacerdotum

657 3898 938 3995 glutine
998 3898 1331 3988 copulata.
1394 3894 1720 3965 Similiter
1756 3896 1850 3966 ad
1886 3883 2418 3997 Rogatianum
2449 3893 2612 3995 Haec
2671 3886 2850 4009 sont.

755 4017 856 4103 (Ι)
935 4019 1010 4079 1'2
1049 4018 1261 4096 EPW‘
1303 4016 1481 4093 69..
1528 4048 1535 4054 ·
1591 4049 1609 4055 ‘¹
1761 4047 1827 4079 w„
2001 4074 2023 4105 ·,
2167 4046 2179 4080 t
2243 4067 2274 4085 ,-
2431 4024 2582 4081 .’..,1
2671 3968 2766 4073 ·>⁷.1

2670 4072 2692 4095 ἱ
2739 4068 2764 4100 l
