3275 4784
764 227 862 303 66
1500 206 1917 301 ‘sEcT1o
2027 246 2083 298 1.

722 375 807 443 lis
851 395 935 439 an
980 371 1156 441 nolis
1218 369 1658 459 adquiescere
1688 419 1710 458 ‚
1778 391 1911 436 non
1961 354 2286 437 auferat':
2337 361 2665 458 Apostoli
2714 367 2918 446 obse-

726 479 966 567 quium
1006 479 1295 566 exigunt
1341 465 1454 570 (1)
1504 473 1696 563 quod
1751 473 2205 563 praecipientis
2258 472 2751 543 auctoritatem
2815 482 2918 549 in-

730 582 918 647 dicat
947 630 967 664 ,
1010 599 1143 646 non
1194 580 1543 646 lenitaaeem
1592 579 2035 645 consulentiS.
2078 576 2230 642 Nec
2267 577 2486 665 magis
2528 598 2801 665 possum
2838 587 2921 653 iis

733 683 1097 770 adsentiri,
1136 683 1257 771 qui
1300 685 1480 771 pacti
1520 683 1749 748 nescio
1786 680 2024 769 cujus,
2065 678 2436 767 liberaeque
2478 682 2706 769 potius
2745 705 2923 756 con-

732 787 1123 871 ventioniS,
1159 807 1364 875 quam
1406 785 1581 875 legis
1621 782 2014 852 efficaciam
2056 785 2125 850 in
2156 781 2262 849 his
2288 782 2418 849 sibi
2450 787 2925 875 praeceptioni-

730 889 858 959 bus
895 887 1432 979 deprehendisse
1474 889 1607 957 visi
1655 903 1853 975 sunt,
1893 909 1971 953 ea
2014 887 2355 976 praecipue
2395 888 2564 956 moti
2635 892 2923 985 ratione,

735 992 926 1083 quod
972 990 1144 1060 nihil
1196 989 1343 1060 fere
1394 1012 1626 1060 rerum
1678 993 1990 1078 illarum,
2027 1012 2181 1079 quae
2232 989 2323 1058 ad
2366 989 2661 1060 salutem
2713 999 2926 1067 totius

734 1094 1112 1165 Christiani
1138 1113 1371 1165 coetus
1395 1115 1830 1164 communem
1869 1093 2342 1185 pertinebant,
2378 1096 2524 1162 sine
2551 1102 2928 1191 communi,
2975 1095 2977 1097 ’

742 1200 960 1290 plebis
990 1202 1223 1287 etiam,
1251 1199 1747 1291 suffragatione
1773 1201 1994 1289 egisse
2021 1218 2347 1288 umquam
2376 1198 2930 1291 leganturApos·

743 1304 895 1371 toli.
956 1303 1186 1371 Primo
1223 1305 1408 1371 enim
1462 1302 1590 1370 hoc
1631 1318 2044 1392 perpetuum
2083 1322 2219 1369 non
2260 1297 2436 1369 fuit:
2476 1302 2668 1369 edita
2719 1307 2928 1396 quip-

740 1428 826 1498 pe
868 1407 953 1474 ab
1003 1408 1084 1474 iis
1130 1409 1474 1476 interdum
1536 1420 1876 1496 praecepta
1917 1408 2107 1476 nulla
2158 1405 2540 1473 communis
2591 1405 2932 1477 delibera·

740 1511 948 1579 tionis
994 1507 1175 1578 facta
1232 1513 1577 1581 mentione
1617 1525 1885 1579 certum
1920 1526 2046 1577 est.
2083 1506 2360 1577 Deinde
2388 1556 2413 1595 ‚
2451 1529 2607 1597 quae
2643 1532 2729 1578 ex
2768 1533 2928 1603 pac·

743 1614 831 1680 tis
872 1616 1187 1685 nascitur.
1223 1613 1565 1703 obligatio
1593 1663 1617 1698 .,
1667 1609 1748 1679 ea⁸
1785 1612 2073 1701 quidem
2116 1617 2254 1680 n'on
2296 1610 2694 1681 e'xt'enditur
2721 1663 2745 1701 ‚
2797 1615 2926 1683 nisi

739 1716 811 1781 in
848 1713 1004 1800 hm,
1035 1717 1152 1802 qui
1193 1736 1313 1782 sua
1342 1737 1411 1781 se
1442 1717 1568 1804 ipsi
1606 1717 2052 1782 consensione
2094 1708 2321 1781 eidem
2358 1714 2745 1805 subjiciunt.
2775 1715 2928 1785 Cur

741 1817 961 1906 igitur
987 1818 1337 1907 stringunt
1366 1820 1744 1907 apostolica
1773 1818 2098 1885 mandata
2123 1819 2283 1885 illos
2310 1819 2553 1935 etiam,
2579 1819 2697 1906 qui
2736 1840 2931 1887 num·

741 1941 948 2012 quam
978 1923 1507 1992 consenserunt?
1543 1923 1593 1989 Ι.
1621 1920 1936 1991 Corinth.
1966 1921 2147 1991 XIV.
2188 1942 2353 2011 cur,
2392 1923 2513 2013 qui
2538 1922 2673 1991 alia
2700 1925 2930 1994 omnia

748 2024 1027 2116 agunt?
1083 2025 1137 2092 1.
1168 2025 1486 2094 Corinth.
1527 2029 1620 2094 V.
1665 2021 1737 2094 6.
3009 2030 3014 2034 '

848 2128 1108 2198 Senot..
1216 2130 1431 2215 Quod
1469 2147 1670 2201 acute
1708 2129 2107 2200 observavit
2143 2131 2251 2201 vir
2287 2102 2454 2197 clar.
2499 2129 2685 2198 Plac.
2733 2127 2927 2198 Fixl·

743 2233 1021 2303 millner
1062 2237 1141 2302 de
1166 2237 1453 2325 reipubl.
1492 2259 1667 2305 sacr.
1719 2237 1900 2325 orig.
1938 2236 2151 2304 divin.
2197 2233 2504 2301 Exercit.
2547 2253 2634 2298 2.
2656 2248 2824 2301 sect.
2857 2254 2926 2303 2.

747 2340 808 2422 §.
881 2339 998 2404 28.
1054 2338 1275 2406 Totus
1336 2343 1407 2405 in
1472 2363 1561 2409 eo
1619 2355 1719 2406 est
1762 2341 1968 2417 Just.
2037 2341 2266 2407 Henn.
2334 2334 2709 2406 Bohmerus
2764 2383 2789 2423 ,
2854 2351 2930 2406 ut

748 2440 1245 2526 Apostolorum
1287 2443 1634 2507 statuendi
1676 2444 2160 2508 auctoritatem
2202 2441 2463 2509 nullam
2518 2436 2729 2508 fuisse
2768 2459 2931 2528 prae·

742 2543 1023 2631 cipuam
1073 2544 1508 2633 persuadeat.
1550 2545 1723 2633 Agit
1777 2541 1906 2612 hoc
1949 2545 2017 2611 in
2061 2546 2297 2633 primis
2336 2545 2424 2623 inw
2452 2543 2619 2611 diss.
2656 2544 2738 2608 de
2783 2562 2932 2609 con-

731 2639 1078 2731 foederata
1139 2646 1679 2715 Christianorum
1732 2648 2087 2734 disciplina‘
2139 2665 2288 2735 cap.
2339 2668 2403 2731 3.
2455 2648 2516 2729 §.
2583 2664 2698 2711 12.
2760 2666 2927 2734 seqq.

750 2753 911 2837 'quae
948 2766 1048 2813 est
1086 2752 1291 2814 tertia
1329 2751 1511 2813 inter
1544 2750 2060 2812 dissertationes
2096 2748 2190 2810 ad
2234 2746 2558 2810 Plinium.
2601 2747 2702 2812 At
2739 2749 2936 2837 enim,

752 2870 911 2935 quae
950 2843 1180 2912 adfert
1206 2894 1227 2929 .‚
1268 2846 1593 2933 pleraque
1637 2857 1795 2910 sunt
1831 2841 2168 2930 ejusmodi
2204 2892 2230 2930 ‚
2258 2858 2339 2910 ut
2378 2840 2569 2911 haud
2594 2867 2784 2935 aegre
2816 2854 2938 2919 lar·

749 2948 887 3035 giri
931 2968 1011 3013 ea
1053 2944 1401 3015 Catholici
1447 2946 1803 3037 possimu5.
1847 2946 2006 3014 Alia
2044 2963 2205 3015 sunt
2245 2944 2452 3015 valde
2492 2945 2680 3015 levia
2733 2969 2935 3042 atque

747 3050 1053 3140 incerta,
1089 3068 1168 3121 ut
1208 3054 1454 3121 mirum
1476 3072 1625 3119 non
1663 3051 1751 3118 sit
1791 3047 2264 3120 doctissimum
2299 3052 2540 3121 virum
2587 3050 2677 3120 ab
2715 3055 2935 3122 omni-

749 3154 920 3246 bus,
960 3157 1167 3225 etiam
1212 3154 1789 3225 Prostestantibus
1821 3154 2078 3222 deseri.
2118 3152 2550 3224 Moshemius
2612 3172 2798 3223 certe
2830 3157 2935 3248 jus

756 3258 1204 3331 ferendarum
1256 3261 1494 3353 legum
1546 3259 1899 3351 Apostolis
1933 3275 2174 3349 aperte
2211 3258 2542 3327 adscribit
2593 3256 2660 3324 in
2714 3257 2941 3330 Instit.

756 3367 947 3433 Hist.
1012 3364 1267 3432 Eccles.
1333 3380 1496 3434 sect.
1562 3389 1625 3433 1.
1654 3368 1850 3453 pa'rt.
1891 3384 1959 3432 2.
2006 3380 2155 3453 cap.
2213 3383 2282 3430 2.
2334 3365 2394 3448 §.
2443 3381 2507 3447 3.
2548 3360 2703 3427 Hoc
2739 3362 2932 3432 idem

755 3464 1027 3536 faciunt
1055 3465 1455 3557 Spanheim‚
1484 3467 1853 3557 Vitringa,
1881 3466 2372 3554 Hartmannus‚
2398 3462 2762 3549 Semlerus‚
2790 3467 2939 3554 qui-

756 3566 886 3638 bus
929 3571 1067 3657 ipse
1118 3569 1501 3639 Bohmerus
1555 3573 1760 3662 alibi,
1797 3571 1925 3641 etsi
1976 3586 2226 3663 praeter
2275 3588 2466 3639 suam
2517 3564 2937 3661 opinionem,

753 3669 1086 3744 adsensus
1145 3691 1249 3745 est
1296 3667 1412 3773 (§.
1453 3665 1681 3773 XL.).

841 3998 962 4089 (1)
1042 4006 1201 4068 Act.
1243 4004 1389 4067 XV.
1432 4021 1533 4085 41.
