3275 4784
640 248 776 325 ¹32
1374 243 1966 297 :saca-10:10

569 374 749 441 ciliis
790 370 1018 460 Regni
1061 368 1440 457 Humgariae
1469 383 1659 457 part.
1712 390 1775 435 1.
1811 386 1977 459 pag.
2047 365 2213 459 189.
2282 389 2574 438 canones
2653 372 2797 459 Sy-

598 476 771 544 nodi
822 473 1280 564 Scepusiensis
1326 468 1374 539 ,ὲ
1431 472 1699 550 Joanne
1765 471 1972 539 Stock
2027 475 2391 560 praeposito
2471 472 2803 544 Ecclesiae

591 576 1053 668 Scepusiensis
1110 575 1472 643 celebratae
1512 597 1673 644 ann.
1738 569 1954 663 1460.
1999 573 2108 642 Ex
2164 575 2272 643 his
2310 577 2694 667 complures
2748 579 2796 649 ὲ

582 703 842 750 canone
887 680 1247 770 trigesimo
1301 679 1511 747 tert-io
1557 701 1642 745 ex
1697 674 1994 746 Concilii
2048 678 2449 747 Basile-ensis
2502 680 2799 752 decretis

585 783 769 851 Sess.
824 784 1002 851 XXI.
1061 783 1249 853 nulla
1282 798 1570 850 ·mutata
1618 782 1872 849 vocula
1932 782 2257 870 descripti
2308 800 2471 850 sunt
2508 832 2532 871 ,
2581 784 2796 874 idque

582 887 726 978 ejus
806 890 1020 977 ipsius
1088 883 1387 954 Concilii
1457 887 1870 953 aucto-ritate
1909 906 1929 950 ε
2011 884 2230 952 Prout
2296 877 2557 981 (verba
2630 907 2795 957 ‹su-nt

581 988 753 1058 cam.-
787 981 949 1086 33.)
990 991 1058 1056 in
1099 991 1362 1057 decreto
1401 989 1578 1056 sacri
1606 988 2016 1056 Basileemis
2042 985 2338 1056 -Concilii
2394 990 2801 1059 lucidissime

586 1087 684 1160 ert
724 1114 1150 1184 expressum,
1185 1092 1368 1182 cujus
1411 1106 1598 1159 tenor
1641 1093 1943 1181 sequitur
1977 1092 2051 1156 in
2079 1088 2205 1158 hac
2234 1087 2497 1174 forma:
2542 1092 2799 1163 Sacro-

588 1213 821 1265 scmcta
883 1197 1227 1289 generalis
1269 1195 1566 1287 Synodus
1626 1194 2036 1262 Basileensis
2092 1194 2161 1261 in
2213 1196 2487 1286 Spiritu
2542 1195 2790 1268 Sancto

587 1300 898 1391 legitime
936 1315 1391 1392 congregata,
1432 1300 1869 1366 universalem
1898 1296 2267 1366 Ecclesiam
2314 1315 2792 1389 repraesentans

587 1404 680 1470 ad
703 1420 1096 1493 perpetuam
1138 1406 1238 1472 rei
1281 1403 1683 1470 memoriam.
1728 1400 1821 1470 Et
1857 1423 2071 1490 quum
2113 1403 2181 1468 in
2223 1401 2636 1492 praefatione
2666 1403 2802 1489 Sy-

587 1508 754 1573 nodi
824 1506 1149 1574 Ecclesiae
1212 1506 1697 1595 Strigoniensis
1734 1556 1757 1591 ,
1838 1522 2101 1572 statuta
2180 1506 2545 1590 synodalia
2612 1528 2795 1577 anno

588 1611 851 1677 scilicet
902 1631 1116 1699 1449.
1151 1606 1192 1675 a
1234 1608 1576 1693 Dionysio
1603 1609 1690 1675 de
1723 1606 1951 1674 Zee-ch
2006 1604 2366 1676 Car-dinali
2389 1628 2465 1677 et
2505 1608 2799 1678 Archie-

591 1712 876 1801 piscopo
939 1713 1126 1779 edita
1192 1713 1572 1778 instaurare
1644 1733 1713 1778 se
1787 1705 2132 1799 professus
2187 1712 2333 1800 -sit,
2396 1713 2793 1802 conjectura

594 1811 883 1881 fortasse
924 1835 1063 1881 non
1117 1816 1302 1881 inani
1360 1813 1709 1881 adfirmari
1763 1829 2041 1902 potest,
2090 1813 2338 1883 eadem
2394 1814 2794 1885 Basileensis

591 1915 856 2002 Synodi
886 1917 1166 1985 decreta
1205 1917 1290 1984 ab
1320 1915 1476 1984 Em.
1518 1914 1895 1985 Cardinale
1936 1935 2211 2006 recepta
2246 1915 2501 2009 fuisse,
2542 1919 2796 2009 proba-

592 2035 831 2110 taque.
860 2020 942 2088 Id
986 2037 1215 2088 autem
1256 2022 1310 2087 si
1352 2022 1716 2111 recipimus
1745 2071 1766 2111 ,
1804 2042 1943 2088 non
1985 2020 2349 2089 obscur-um
2402 2039 2501 2090 est
2535 2072 2556 2111 ,
2596 2023 2829 2090 Basi-

600 2123 846 2191 leensis
885 2124 1145 2210 Synodi
1184 2126 1671 2192 auctorita-tem
1712 2148 1794 2193 ea
1833 2142 2238 2215 tempestate
2279 2125 2465 2215 apud
2512 2147 2631 2193 nos
2654 2145 2796 2195 non

598 2226 940 2295 modicam
1009 2225 1245 2296 fuisse.
1307 2226 1556 2296 Edidit
1617 2227 1743 2297 hos
1798 2250 2091 2297 canones
2143 2230 2345 2297 etiam
2416 2226 2800 2318 Stephanus

597 2329 933 2421 Kaprinai
974 2331 1043 2401 in
1086 2334 1445 2425 Hungaria
1501 2333 1934 2423 diplomatica
1951 2347 2146 2424 part.
2194 2353 2267 2401 2.
2292 2350 2464 2428 pag.
2506 2332 2683 2423 458.
2789 2408 2796 2417 ,

1534 2553 1599 2638 ς.
1686 2548 1849 2619 CII.

1341 2749 1636 2823 Novum
1685 2736 2043 2826 schJsma.

747 2951 883 3020 Sed
927 2948 1308 3042 pergebant
1359 2947 1844 3038 nihi'lominuS,
1881 2952 2000 3042 qui
2043 2949 2326 3021 Basileae
2363 2951 2786 3045 restiterant,

601 3072 983 3123 conventus
1011 3077 1170 3125 suos
1201 3051 1493 3142 habere,
1522 3057 1850 3142 variaque
1892 3075 2028 3123 non
2059 3056 2332 3144 ingrata
2361 3056 2783 3126 Nationibus

604 3159 885 3228 dec-reta
908 3157 1691 3249 promulgare..1nterim
1707 3157 2051 3248 Eugenius
2082 3158 2420 3227 dissoluto
2447 3160 2794 3227 Basileem

605 3262 709 3348 si,
740 3258 1173 3349 Concilium,
1227 3258 1415 3351 quod
1469 3260 1854 3329 Ferrariam
1907 3261 2305 3349 indixerat,
2356 3283 2512 3327 ann.
2566 3262 2783 3346 1438.

604 3365 722 3432 die
772 3387 884 3433 10.
915 3366 1229 3445 januarii
1270 3363 1665 3451 inchoavit,
1705 3365 1913 3453 pestis
1939 3385 2138 3431 causa
2163 3363 2296 3432 sub
2324 3364 2592 3430 initium
2621 3367 2781 3430 anni

606 3470 952 3556 sequentis
998 3467 1422 3536 Florentia-m
1475 3468 1905 3536 translatum.
1958 3465 2236 3551 Quibus
2286 3466 2490 3533 rebus
2544 3464 2789 3533 offensi

606 3567 1051 3658 BasileenseS,
1069 3587 1524 3638 exauctorato
1552 3569 1887 3660 Eugenio,
1907 3568 2163 3652 ⁴ducem
2188 3567 2547 3636 Sabaudioe
2576 3566 2794 3634 Ama-2

606 3671 832 3758 deum,
875 3689 1020 3740 trum
1061 3672 1353 3762 Ripaliae
1375 3672 1467 3741 ad
1510 3673 1733 3739 lacum
1758 3671 2132 3741 Lemanum
2157 3671 2373 3739 vitam
2404 3671 2796 3738 solitariam·

609 3790 964 3864 agentem,
1003 3771 1260 3842 Felicis
1288 3775 1381 3844 V.
1418 3777 1695 3844 nornine
1722 3775 2212 3866 subrogarunt.
2240 3772 2432 3841 Duas
2465 3770 2622 3841 hinc
2654 3776 2792 3843 ite-

601 3897 752 3946 rum
791 3876 861 3944 in
904 3894 1129 3967 partes
1177 3878 1379 3944 scissa
1419 3895 1518 3946 est
1560 3877 1874 3948 Ecclesia
1899 3928 1925 3965 ,
1977 3898 2131 3967 quae
2178 3879 2387 3944 tantis
2423 3875 2774 3946 laboribus

597 3979 1018 4054 Constant-iae
1058 3981 1179 4056 v'ix
1211 3981 1502 4054 coaluit.
1542 3979 1776 4074 Gaui,
1813 3983 1942 4052 ets-i
1980 3976 2248 4052 factum
2283 3980 2778 4063 Basileensium
