<?xml version="1.0" encoding="UTF-8"?>
<!DOCTYPE html PUBLIC "-//W3C//DTD XHTML 1.0 Transitional//EN"
    "http://www.w3.org/TR/xhtml1/DTD/xhtml1-transitional.dtd">
<html xmlns="http://www.w3.org/1999/xhtml" xml:lang="en" lang="en">
 <head>
  <title>
</title>
<meta http-equiv="Content-Type" content="text/html;charset=utf-8" />
  <meta name='ocr-system' content='tesseract 3.04.00' />
  <meta name='ocr-capabilities' content='ocr_page ocr_carea ocr_par ocr_line ocrx_word'/>
</head>
<body>
  <div class='ocr_page' id='page_1' title='image "./praecognitajuri00unkngoog_0138.png"; bbox 0 0 3275 4784; ppageno 0'>
   <div class='ocr_carea' id='block_1_1' title="bbox 722 264 2038 339">
    <p class='ocr_par' dir='ltr' id='par_1_1' title="bbox 722 264 2038 339">
     <span class='ocr_line' id='line_1_1' title="bbox 722 264 2038 339; baseline -0.002 0"><span class='ocrx_word' id='word_1_1' title='bbox 722 264 864 339; x_wconf 84' lang='lat'><strong>118</strong></span> <span class='ocrx_word' id='word_1_2' title='bbox 1503 281 1880 338; x_wconf 69' lang='lat' dir='ltr'><strong>SECTIO</strong></span> <span class='ocrx_word' id='word_1_3' title='bbox 1984 286 2038 336; x_wconf 87' lang='lat'><strong>1.</strong></span> 
     </span>
    </p>
   </div>
   <div class='ocr_carea' id='block_1_2' title="bbox 1563 500 1955 589">
    <p class='ocr_par' dir='ltr' id='par_1_2' title="bbox 1563 500 1955 589">
     <span class='ocr_line' id='line_1_2' title="bbox 1563 500 1955 589; baseline 0 -17"><span class='ocrx_word' id='word_1_4' title='bbox 1563 505 1625 589; x_wconf 84' lang='lat'><strong>§.</strong></span> <span class='ocrx_word' id='word_1_5' title='bbox 1734 500 1955 573; x_wconf 88' lang='lat' dir='ltr'><strong>XCII.</strong></span> 
     </span>
    </p>
   </div>
   <div class='ocr_carea' id='block_1_3' title="bbox 1262 711 2266 793">
    <p class='ocr_par' dir='ltr' id='par_1_3' title="bbox 1262 711 2266 793">
     <span class='ocr_line' id='line_1_3' title="bbox 1262 711 2266 793; baseline 0.005 -5"><span class='ocrx_word' id='word_1_6' title='bbox 1262 713 1727 793; x_wconf 81' lang='lat' dir='ltr'><strong>Transactio</strong></span> <span class='ocrx_word' id='word_1_7' title='bbox 1797 711 2266 793; x_wconf 78' lang='lat' dir='ltr'><strong>Callixtina.</strong></span> 
     </span>
    </p>
   </div>
   <div class='ocr_carea' id='block_1_4' title="bbox 640 921 2889 3391">
    <p class='ocr_par' dir='ltr' id='par_1_4' title="bbox 640 921 2889 3391">
     <span class='ocr_line' id='line_1_4' title="bbox 812 921 2845 1017; baseline 0 -20"><span class='ocrx_word' id='word_1_8' title='bbox 812 927 974 997; x_wconf 89' lang='lat' dir='ltr'>Post</span> <span class='ocrx_word' id='word_1_9' title='bbox 1014 921 1159 994; x_wconf 87' lang='lat' dir='ltr'><strong>haec</strong></span> <span class='ocrx_word' id='word_1_10' title='bbox 1214 923 1444 994; x_wconf 88' lang='lat' dir='ltr'><strong>multis</strong></span> <span class='ocrx_word' id='word_1_11' title='bbox 1488 926 1573 994; x_wconf 55' lang='lat' dir='ltr'><strong>in«</strong></span> <span class='ocrx_word' id='word_1_12' title='bbox 1604 925 1922 996; x_wconf 84' lang='lat' dir='ltr'><strong>conciliis</strong></span> <span class='ocrx_word' id='word_1_13' title='bbox 1961 944 2097 996; x_wconf 89' lang='lat' dir='ltr'><strong>tam</strong></span> <span class='ocrx_word' id='word_1_14' title='bbox 2136 923 2533 996; x_wconf 74' lang='lat' dir='ltr'>Germaniae</span> <span class='ocrx_word' id='word_1_15' title='bbox 2562 976 2583 1014; x_wconf 91' lang='lat'><strong>,</strong></span> <span class='ocrx_word' id='word_1_16' title='bbox 2640 949 2845 1017; x_wconf 80' lang='lat' dir='ltr'><strong>quam</strong></span> 
     </span>
     <span class='ocr_line' id='line_1_5' title="bbox 654 1031 2849 1122; baseline -0.002 -20"><span class='ocrx_word' id='word_1_17' title='bbox 654 1031 872 1102; x_wconf 86' lang='lat' dir='ltr'><strong>Italiae</strong></span> <span class='ocrx_word' id='word_1_18' title='bbox 901 1081 924 1120; x_wconf 91' lang='lat'><strong>,</strong></span> <span class='ocrx_word' id='word_1_19' title='bbox 974 1049 1320 1099; x_wconf 90' lang='lat' dir='ltr'><strong>sacrorum</strong></span> <span class='ocrx_word' id='word_1_20' title='bbox 1358 1032 1835 1098; x_wconf 87' lang='lat' dir='ltr'>communione</span> <span class='ocrx_word' id='word_1_21' title='bbox 1879 1031 2167 1099; x_wconf 80' lang='lat' dir='ltr'><strong>Henrico</strong></span> <span class='ocrx_word' id='word_1_22' title='bbox 2222 1032 2675 1099; x_wconf 79' lang='lat' dir='ltr'><strong>interdictum</strong></span> <span class='ocrx_word' id='word_1_23' title='bbox 2718 1050 2849 1122; x_wconf 87' lang='lat' dir='ltr'><strong>est,</strong></span> 
     </span>
     <span class='ocr_line' id='line_1_6' title="bbox 652 1131 2843 1226; baseline -0.001 -22"><span class='ocrx_word' id='word_1_24' title='bbox 652 1153 726 1204; x_wconf 90' lang='lat' dir='ltr'><strong>et</strong></span> <span class='ocrx_word' id='word_1_25' title='bbox 765 1133 952 1226; x_wconf 90' lang='lat' dir='ltr'><strong>quod</strong></span> <span class='ocrx_word' id='word_1_26' title='bbox 994 1135 1310 1226; x_wconf 75' lang='lat' dir='ltr'><strong>graviuS,</strong></span> <span class='ocrx_word' id='word_1_27' title='bbox 1352 1132 1765 1224; x_wconf 89' lang='lat' dir='ltr'><strong>plenumque</strong></span> <span class='ocrx_word' id='word_1_28' title='bbox 1796 1134 1915 1201; x_wconf 90' lang='lat' dir='ltr'><strong>illa</strong></span> <span class='ocrx_word' id='word_1_29' title='bbox 1956 1150 2152 1202; x_wconf 82' lang='lat' dir='ltr'><strong>aetate</strong></span> <span class='ocrx_word' id='word_1_30' title='bbox 2196 1133 2485 1222; x_wconf 87' lang='lat' dir='ltr'><strong>pericu-li</strong></span> <span class='ocrx_word' id='word_1_31' title='bbox 2517 1131 2693 1220; x_wconf 85' lang='lat' dir='ltr'><strong>fuit,</strong></span> <span class='ocrx_word' id='word_1_32' title='bbox 2721 1159 2843 1223; x_wconf 40' lang='lat' dir='ltr'><strong>‘pa-</strong></span> 
     </span>
     <span class='ocr_line' id='line_1_7' title="bbox 657 1227 2842 1334; baseline -0 -27"><span class='ocrx_word' id='word_1_33' title='bbox 657 1240 796 1308; x_wconf 86' lang='lat' dir='ltr'><strong>lam</strong></span> <span class='ocrx_word' id='word_1_34' title='bbox 855 1239 1037 1308; x_wconf 91' lang='lat' dir='ltr'><strong>inter</strong></span> <span class='ocrx_word' id='word_1_35' title='bbox 1087 1236 1440 1305; x_wconf 81' lang='lat' dir='ltr'><strong>haereticos</strong></span> <span class='ocrx_word' id='word_1_36' title='bbox 1497 1238 2123 1306; x_wconf 85' lang='lat' dir='ltr'><strong>connumerabatur</strong></span> <span class='ocrx_word' id='word_1_37' title='bbox 2173 1227 2313 1334; x_wconf 83' lang='lat'><strong>(1).</strong></span> <span class='ocrx_word' id='word_1_38' title='bbox 2368 1237 2605 1321; x_wconf 82' lang='lat' dir='ltr'><strong>Quare</strong></span> <span class='ocrx_word' id='word_1_39' title='bbox 2660 1236 2842 1306; x_wconf 88' lang='lat' dir='ltr'><strong>bono</strong></span> 
     </span>
     <span class='ocr_line' id='line_1_8' title="bbox 652 1337 2841 1432; baseline -0 -22"><span class='ocrx_word' id='word_1_40' title='bbox 652 1340 844 1412; x_wconf 90' lang='lat' dir='ltr'><strong>haud</strong></span> <span class='ocrx_word' id='word_1_41' title='bbox 874 1341 1086 1409; x_wconf 88' lang='lat' dir='ltr'><strong>dubie</strong></span> <span class='ocrx_word' id='word_1_42' title='bbox 1113 1340 1391 1430; x_wconf 90' lang='lat' dir='ltr'><strong>Imperii</strong></span> <span class='ocrx_word' id='word_1_43' title='bbox 1421 1342 1682 1431; x_wconf 74' lang='lat' dir='ltr'><strong>pariter</strong></span> <span class='ocrx_word' id='word_1_44' title='bbox 1708 1358 1913 1432; x_wconf 87' lang='lat' dir='ltr'><strong>atque</strong></span> <span class='ocrx_word' id='word_1_45' title='bbox 1933 1339 2258 1408; x_wconf 80' lang='lat' dir='ltr'><strong>Ecclesiae</strong></span> <span class='ocrx_word' id='word_1_46' title='bbox 2288 1337 2461 1428; x_wconf 89' lang='lat' dir='ltr'><strong>fato,</strong></span> <span class='ocrx_word' id='word_1_47' title='bbox 2488 1339 2841 1409; x_wconf 82' lang='lat' dir='ltr'><strong>Callixtus</strong></span> 
     </span>
     <span class='ocr_line' id='line_1_9' title="bbox 655 1440 2843 1534; baseline -0.001 -20"><span class='ocrx_word' id='word_1_48' title='bbox 655 1447 864 1514; x_wconf 89' lang='lat' dir='ltr'><strong>sacris</strong></span> <span class='ocrx_word' id='word_1_49' title='bbox 899 1440 1449 1513; x_wconf 84' lang='lat' dir='ltr'><strong>Christianorum</strong></span> <span class='ocrx_word' id='word_1_50' title='bbox 1491 1441 1856 1534; x_wconf 83' lang='lat' dir='ltr'><strong>praefectus</strong></span> <span class='ocrx_word' id='word_1_51' title='bbox 1896 1461 2033 1531; x_wconf 91' lang='lat' dir='ltr'><strong>est,</strong></span> <span class='ocrx_word' id='word_1_52' title='bbox 2077 1445 2186 1511; x_wconf 88' lang='lat' dir='ltr'><strong>vir</strong></span> <span class='ocrx_word' id='word_1_53' title='bbox 2239 1443 2396 1511; x_wconf 92' lang='lat' dir='ltr'><strong>loco</strong></span> <span class='ocrx_word' id='word_1_54' title='bbox 2435 1459 2635 1511; x_wconf 89' lang='lat' dir='ltr'><strong>natus</strong></span> <span class='ocrx_word' id='word_1_55' title='bbox 2675 1447 2843 1533; x_wconf 90' lang='lat' dir='ltr'><strong>qui-</strong></span> 
     </span>
     <span class='ocr_line' id='line_1_10' title="bbox 653 1543 2844 1636; baseline -0.001 -18"><span class='ocrx_word' id='word_1_56' title='bbox 653 1549 814 1618; x_wconf 91' lang='lat' dir='ltr'><strong>dem</strong></span> <span class='ocrx_word' id='word_1_57' title='bbox 842 1569 978 1619; x_wconf 89' lang='lat' dir='ltr'><strong>non</strong></span> <span class='ocrx_word' id='word_1_58' title='bbox 1008 1546 1379 1635; x_wconf 89' lang='lat' dir='ltr'><strong>mediocri,</strong></span> <span class='ocrx_word' id='word_1_59' title='bbox 1420 1549 1769 1636; x_wconf 84' lang='lat' dir='ltr'><strong>animique</strong></span> <span class='ocrx_word' id='word_1_60' title='bbox 1807 1548 2103 1634; x_wconf 84' lang='lat' dir='ltr'><strong>excelsi,</strong></span> <span class='ocrx_word' id='word_1_61' title='bbox 2144 1547 2329 1614; x_wconf 91' lang='lat' dir='ltr'><strong>idem</strong></span> <span class='ocrx_word' id='word_1_62' title='bbox 2372 1562 2600 1615; x_wconf 90' lang='lat' dir='ltr'><strong>tamen</strong></span> <span class='ocrx_word' id='word_1_63' title='bbox 2626 1543 2668 1613; x_wconf 73' lang='grc' dir='ltr'>ὲ</span> <span class='ocrx_word' id='word_1_64' title='bbox 2698 1568 2844 1616; x_wconf 89' lang='lat' dir='ltr'><strong>mo-</strong></span> 
     </span>
     <span class='ocr_line' id='line_1_11' title="bbox 652 1648 2839 1737; baseline -0.001 -17"><span class='ocrx_word' id='word_1_65' title='bbox 652 1652 912 1721; x_wconf 89' lang='lat' dir='ltr'><strong>deratis</strong></span> <span class='ocrx_word' id='word_1_66' title='bbox 940 1649 1241 1718; x_wconf 88' lang='lat' dir='ltr'><strong>consiliis</strong></span> <span class='ocrx_word' id='word_1_67' title='bbox 1270 1651 1544 1717; x_wconf 90' lang='lat' dir='ltr'><strong>minime</strong></span> <span class='ocrx_word' id='word_1_68' title='bbox 1574 1650 1835 1717; x_wconf 87' lang='lat' dir='ltr'><strong>alienus</strong></span> <span class='ocrx_word' id='word_1_69' title='bbox 1856 1700 1876 1737; x_wconf 92' lang='lat'><strong>,</strong></span> <span class='ocrx_word' id='word_1_70' title='bbox 1905 1667 1972 1716; x_wconf 91' lang='lat' dir='ltr'><strong>et</strong></span> <span class='ocrx_word' id='word_1_71' title='bbox 2004 1649 2092 1716; x_wconf 93' lang='lat' dir='ltr'><strong>ob</strong></span> <span class='ocrx_word' id='word_1_72' title='bbox 2118 1648 2192 1716; x_wconf 90' lang='lat' dir='ltr'><strong>id</strong></span> <span class='ocrx_word' id='word_1_73' title='bbox 2217 1652 2306 1716; x_wconf 89' lang='lat' dir='ltr'><strong>ad</strong></span> <span class='ocrx_word' id='word_1_74' title='bbox 2335 1649 2839 1718; x_wconf 84' lang='lat' dir='ltr'><strong>conciliandam</strong></span> 
     </span>
     <span class='ocr_line' id='line_1_12' title="bbox 653 1751 2840 1844; baseline 0 -23"><span class='ocrx_word' id='word_1_75' title='bbox 653 1763 892 1844; x_wconf 80' lang='lat' dir='ltr'><strong>pacem</strong></span> <span class='ocrx_word' id='word_1_76' title='bbox 942 1754 1188 1821; x_wconf 88' lang='lat' dir='ltr'><strong>ceteris</strong></span> <span class='ocrx_word' id='word_1_77' title='bbox 1241 1754 1527 1842; x_wconf 82' lang='lat' dir='ltr'><strong>aptior,</strong></span> <span class='ocrx_word' id='word_1_78' title='bbox 1573 1759 1729 1840; x_wconf 80' lang='lat' dir='ltr'><strong>qu&#39;ae</strong></span> <span class='ocrx_word' id='word_1_79' title='bbox 1778 1751 1968 1822; x_wconf 85' lang='lat' dir='ltr'><strong>haud</strong></span> <span class='ocrx_word' id='word_1_80' title='bbox 2022 1773 2203 1844; x_wconf 84' lang='lat' dir='ltr'><strong>aegre</strong></span> <span class='ocrx_word' id='word_1_81' title='bbox 2256 1775 2413 1822; x_wconf 92' lang='lat' dir='ltr'><strong>ann.</strong></span> <span class='ocrx_word' id='word_1_82' title='bbox 2497 1774 2712 1822; x_wconf 85' lang='lat'><strong>1122.</strong></span> <span class='ocrx_word' id='word_1_83' title='bbox 2769 1755 2840 1822; x_wconf 88' lang='lat' dir='ltr'><strong>in</strong></span> 
     </span>
     <span class='ocr_line' id='line_1_13' title="bbox 651 1843 2841 1948; baseline 0 -24"><span class='ocrx_word' id='word_1_84' title='bbox 651 1855 970 1927; x_wconf 87' lang='lat' dir='ltr'><strong>Comitiis</strong></span> <span class='ocrx_word' id='word_1_85' title='bbox 1009 1843 1767 1927; x_wconf 70' lang='lat' dir='ltr'><strong>Wormatiensibu‘s‘his</strong></span> <span class='ocrx_word' id='word_1_86' title='bbox 1806 1855 2078 1944; x_wconf 86' lang='lat' dir='ltr'><strong>legibus</strong></span> <span class='ocrx_word' id='word_1_87' title='bbox 2112 1855 2409 1945; x_wconf 82' lang='lat' dir='ltr'><strong>coaluit,</strong></span> <span class='ocrx_word' id='word_1_88' title='bbox 2453 1872 2531 1924; x_wconf 91' lang='lat' dir='ltr'><strong>ut</strong></span> <span class='ocrx_word' id='word_1_89' title='bbox 2571 1857 2637 1925; x_wconf 90' lang='lat' dir='ltr'><strong>in</strong></span> <span class='ocrx_word' id='word_1_90' title='bbox 2675 1877 2841 1948; x_wconf 86' lang='lat' dir='ltr'><strong>pos-</strong></span> 
     </span>
     <span class='ocr_line' id='line_1_14' title="bbox 656 1956 2842 2057; baseline 0 -29"><span class='ocrx_word' id='word_1_91' title='bbox 656 1975 880 2028; x_wconf 90' lang='lat' dir='ltr'><strong>terum</strong></span> <span class='ocrx_word' id='word_1_92' title='bbox 930 1956 1259 2048; x_wconf 85' lang='lat' dir='ltr'><strong>Episcopi</strong></span> <span class='ocrx_word' id='word_1_93' title='bbox 1312 1977 1382 2057; x_wconf 83' lang='lat' dir='ltr'><strong>et</strong></span> <span class='ocrx_word' id='word_1_94' title='bbox 1439 1956 1752 2027; x_wconf 80' lang='lat' dir='ltr'><strong>Abbates</strong></span> <span class='ocrx_word' id='word_1_95' title='bbox 1808 1958 2020 2028; x_wconf 89' lang='lat' dir='ltr'><strong>libere</strong></span> <span class='ocrx_word' id='word_1_96' title='bbox 2074 1960 2357 2050; x_wconf 90' lang='lat' dir='ltr'><strong>quidem</strong></span> <span class='ocrx_word' id='word_1_97' title='bbox 2403 1960 2489 2028; x_wconf 85' lang='lat' dir='ltr'><strong>ab</strong></span> <span class='ocrx_word' id='word_1_98' title='bbox 2541 1958 2698 2048; x_wconf 86' lang='lat' dir='ltr'><strong>his,</strong></span> <span class='ocrx_word' id='word_1_99' title='bbox 2750 1959 2842 2028; x_wconf 89' lang='lat' dir='ltr'><strong>ad</strong></span> 
     </span>
     <span class='ocr_line' id='line_1_15' title="bbox 653 2061 2840 2154; baseline -0.001 -22"><span class='ocrx_word' id='word_1_100' title='bbox 653 2083 828 2153; x_wconf 85' lang='lat' dir='ltr'><strong>quos</strong></span> <span class='ocrx_word' id='word_1_101' title='bbox 862 2062 937 2129; x_wconf 94' lang='lat' dir='ltr'><strong>id</strong></span> <span class='ocrx_word' id='word_1_102' title='bbox 969 2063 1078 2154; x_wconf 86' lang='lat' dir='ltr'><strong>jus</strong></span> <span class='ocrx_word' id='word_1_103' title='bbox 1117 2063 1491 2151; x_wconf 84' lang='lat' dir='ltr'><strong>pertineret</strong></span> <span class='ocrx_word' id='word_1_104' title='bbox 1519 2111 1540 2147; x_wconf 90' lang='lat'><strong>,</strong></span> <span class='ocrx_word' id='word_1_105' title='bbox 1581 2062 2045 2151; x_wconf 76' lang='lat' dir='ltr'><strong>eligerentur,</strong></span> <span class='ocrx_word' id='word_1_106' title='bbox 2088 2081 2415 2153; x_wconf 71' lang='lat' dir='ltr'><strong>praesente</strong></span> <span class='ocrx_word' id='word_1_107' title='bbox 2457 2079 2682 2131; x_wconf 89' lang='lat' dir='ltr'><strong>tamen</strong></span> <span class='ocrx_word' id='word_1_108' title='bbox 2727 2061 2840 2131; x_wconf 85' lang='lat' dir='ltr'><strong>vel</strong></span> 
     </span>
     <span class='ocr_line' id='line_1_16' title="bbox 649 2157 2838 2262; baseline -0.001 -26"><span class='ocrx_word' id='word_1_109' title='bbox 649 2166 1078 2259; x_wconf 89' lang='lat' dir='ltr'><strong>Imperatore</strong></span> <span class='ocrx_word' id='word_1_110' title='bbox 1121 2166 1310 2254; x_wconf 91' lang='lat' dir='ltr'><strong>ipso,</strong></span> <span class='ocrx_word' id='word_1_111' title='bbox 1348 2165 1458 2234; x_wconf 87' lang='lat' dir='ltr'><strong>vel</strong></span> <span class='ocrx_word' id='word_1_112' title='bbox 1501 2165 1646 2254; x_wconf 86' lang='lat' dir='ltr'><strong>ejus</strong></span> <span class='ocrx_word' id='word_1_113' title='bbox 1685 2164 1921 2255; x_wconf 87' lang='lat' dir='ltr'><strong>legato</strong></span> <span class='ocrx_word' id='word_1_114' title='bbox 1948 2157 2087 2262; x_wconf 88' lang='lat'><strong>(2).</strong></span> <span class='ocrx_word' id='word_1_115' title='bbox 2126 2165 2222 2234; x_wconf 92' lang='lat' dir='ltr'><strong>Ut</strong></span> <span class='ocrx_word' id='word_1_116' title='bbox 2252 2168 2307 2232; x_wconf 95' lang='lat' dir='ltr'><strong>si</strong></span> <span class='ocrx_word' id='word_1_117' title='bbox 2348 2167 2681 2257; x_wconf 79' lang='lat' dir='ltr'><strong>eligentes</strong></span> <span class='ocrx_word' id='word_1_118' title='bbox 2722 2166 2838 2234; x_wconf 86' lang='lat' dir='ltr'><strong>in-</strong></span> 
     </span>
     <span class='ocr_line' id='line_1_17' title="bbox 651 2258 2841 2358; baseline -0.001 -18"><span class='ocrx_word' id='word_1_119' title='bbox 651 2286 760 2340; x_wconf 91' lang='lat' dir='ltr'><strong>ter</strong></span> <span class='ocrx_word' id='word_1_120' title='bbox 799 2264 870 2339; x_wconf 75' lang='lat' dir='ltr'><strong>se</strong></span> <span class='ocrx_word' id='word_1_121' title='bbox 912 2260 1370 2356; x_wconf 80' lang='lat' dir='ltr'><strong>dissiderent,</strong></span> <span class='ocrx_word' id='word_1_122' title='bbox 1411 2288 1618 2358; x_wconf 89' lang='lat' dir='ltr'><strong>penes</strong></span> <span class='ocrx_word' id='word_1_123' title='bbox 1667 2258 2159 2358; x_wconf 84' lang='lat' dir='ltr'><strong>Imperatorem</strong></span> <span class='ocrx_word' id='word_1_124' title='bbox 2203 2287 2415 2356; x_wconf 81' lang='lat' dir='ltr'><strong>esset,</strong></span> <span class='ocrx_word' id='word_1_125' title='bbox 2453 2260 2731 2337; x_wconf 79' lang='lat' dir='ltr'><strong>adscitis</strong></span> <span class='ocrx_word' id='word_1_126' title='bbox 2768 2270 2841 2337; x_wconf 88' lang='lat' dir='ltr'><strong>in</strong></span> 
     </span>
     <span class='ocr_line' id='line_1_18' title="bbox 646 2363 2844 2469; baseline -0 -28"><span class='ocrx_word' id='word_1_127' title='bbox 646 2364 1016 2442; x_wconf 83' lang='lat' dir='ltr'><strong>consilium</strong></span> <span class='ocrx_word' id='word_1_128' title='bbox 1055 2364 1418 2460; x_wconf 78' lang='lat' dir='ltr'><strong>Episcopis</strong></span> <span class='ocrx_word' id='word_1_129' title='bbox 1442 2373 1645 2438; x_wconf 75' lang='lat' dir='ltr'><strong>&#39;litem</strong></span> <span class='ocrx_word' id='word_1_130' title='bbox 1686 2368 2008 2441; x_wconf 85' lang='lat' dir='ltr'><strong>dirimere</strong></span> <span class='ocrx_word' id='word_1_131' title='bbox 2040 2364 2071 2469; x_wconf 87' lang='lat'>(</span> <span class='ocrx_word' id='word_1_132' title='bbox 2081 2363 2177 2466; x_wconf 85' lang='lat'><strong>3).</strong></span> <span class='ocrx_word' id='word_1_133' title='bbox 2208 2371 2304 2441; x_wconf 91' lang='lat' dir='ltr'><strong>Ut</strong></span> <span class='ocrx_word' id='word_1_134' title='bbox 2335 2373 2591 2441; x_wconf 89' lang='lat' dir='ltr'><strong>electus</strong></span> <span class='ocrx_word' id='word_1_135' title='bbox 2634 2371 2844 2440; x_wconf 81' lang='lat' dir='ltr'><strong>fidem</strong></span> 
     </span>
     <span class='ocr_line' id='line_1_19' title="bbox 649 2472 2845 2564; baseline -0 -21"><span class='ocrx_word' id='word_1_136' title='bbox 649 2474 1057 2564; x_wconf 88' lang='lat' dir='ltr'><strong>Imperatori</strong></span> <span class='ocrx_word' id='word_1_137' title='bbox 1088 2472 1538 2563; x_wconf 85' lang='lat' dir='ltr'><strong>jurejurando</strong></span> <span class='ocrx_word' id='word_1_138' title='bbox 1576 2476 2034 2563; x_wconf 89' lang='lat' dir='ltr'><strong>promitteret.</strong></span> <span class='ocrx_word' id='word_1_139' title='bbox 2063 2476 2355 2564; x_wconf 86' lang='lat' dir='ltr'><strong>Regalia</strong></span> <span class='ocrx_word' id='word_1_140' title='bbox 2387 2497 2540 2564; x_wconf 83' lang='lat' dir='ltr'><strong>quae</strong></span> <span class='ocrx_word' id='word_1_141' title='bbox 2565 2491 2845 2564; x_wconf 83' lang='lat' dir='ltr'><strong>vocant,</strong></span> 
     </span>
     <span class='ocr_line' id='line_1_20' title="bbox 654 2561 2889 2667; baseline -0 -22"><span class='ocrx_word' id='word_1_142' title='bbox 654 2577 841 2645; x_wconf 90' lang='lat' dir='ltr'><strong>illiu&#39;s</strong></span> <span class='ocrx_word' id='word_1_143' title='bbox 881 2597 967 2643; x_wconf 82' lang='lat' dir='ltr'><strong>ex</strong></span> <span class='ocrx_word' id='word_1_144' title='bbox 1004 2595 1207 2643; x_wconf 89' lang='lat' dir='ltr'><strong>manu</strong></span> <span class='ocrx_word' id='word_1_145' title='bbox 1249 2577 1627 2666; x_wconf 90' lang='lat' dir='ltr'><strong>reciperet,</strong></span> <span class='ocrx_word' id='word_1_146' title='bbox 1669 2571 2045 2667; x_wconf 87' lang='lat' dir='ltr'><strong>officiaque</strong></span> <span class='ocrx_word' id='word_1_147' title='bbox 2073 2579 2301 2645; x_wconf 86' lang='lat' dir='ltr'><strong>omnia</strong></span> <span class='ocrx_word' id='word_1_148' title='bbox 2341 2597 2578 2645; x_wconf 89' lang='lat' dir='ltr'><strong>eorum</strong></span> <span class='ocrx_word' id='word_1_149' title='bbox 2623 2580 2848 2644; x_wconf 83' lang='lat' dir='ltr'><strong>nomi·</strong></span> <span class='ocrx_word' id='word_1_150' title='bbox 2885 2561 2889 2578; x_wconf 65' lang='lat'><strong>⁴</strong></span> 
     </span>
     <span class='ocr_line' id='line_1_21' title="bbox 640 2676 2847 2770; baseline -0 -21"><span class='ocrx_word' id='word_1_151' title='bbox 640 2702 741 2749; x_wconf 83' lang='lat' dir='ltr'><strong>ne</strong></span> <span class='ocrx_word' id='word_1_152' title='bbox 781 2678 1019 2748; x_wconf 88' lang='lat' dir='ltr'><strong>debita</strong></span> <span class='ocrx_word' id='word_1_153' title='bbox 1058 2694 1444 2768; x_wconf 78' lang='lat' dir='ltr'><strong>praestaret:</strong></span> <span class='ocrx_word' id='word_1_154' title='bbox 1479 2679 1863 2770; x_wconf 88' lang='lat' dir='ltr'><strong>Imperator</strong></span> <span class='ocrx_word' id='word_1_155' title='bbox 1903 2697 2130 2748; x_wconf 89' lang='lat' dir='ltr'><strong>autem</strong></span> <span class='ocrx_word' id='word_1_156' title='bbox 2170 2682 2240 2748; x_wconf 93' lang='lat' dir='ltr'><strong>in</strong></span> <span class='ocrx_word' id='word_1_157' title='bbox 2283 2680 2365 2747; x_wconf 91' lang='lat' dir='ltr'><strong>iis</strong></span> <span class='ocrx_word' id='word_1_158' title='bbox 2401 2676 2847 2748; x_wconf 85' lang='lat' dir='ltr'><strong>conferendis</strong></span> 
     </span>
     <span class='ocr_line' id='line_1_22' title="bbox 651 2780 2844 2876; baseline -0.001 -23"><span class='ocrx_word' id='word_1_159' title='bbox 651 2805 793 2853; x_wconf 91' lang='lat' dir='ltr'><strong>non</strong></span> <span class='ocrx_word' id='word_1_160' title='bbox 832 2780 1089 2851; x_wconf 89' lang='lat' dir='ltr'><strong>annulo</strong></span> <span class='ocrx_word' id='word_1_161' title='bbox 1127 2797 1196 2848; x_wconf 88' lang='lat' dir='ltr'><strong>et</strong></span> <span class='ocrx_word' id='word_1_162' title='bbox 1241 2782 1526 2871; x_wconf 86' lang='lat' dir='ltr'><strong>bacu10,</strong></span> <span class='ocrx_word' id='word_1_163' title='bbox 1576 2805 1728 2873; x_wconf 88' lang='lat' dir='ltr'><strong>quae</strong></span> <span class='ocrx_word' id='word_1_164' title='bbox 1768 2785 2157 2876; x_wconf 82' lang='lat' dir='ltr'><strong>sacratioris</strong></span> <span class='ocrx_word' id='word_1_165' title='bbox 2207 2783 2504 2850; x_wconf 88' lang='lat' dir='ltr'><strong>muneris</strong></span> <span class='ocrx_word' id='word_1_166' title='bbox 2543 2783 2844 2874; x_wconf 78' lang='lat' dir='ltr'><strong>insignia</strong></span> 
     </span>
     <span class='ocr_line' id='line_1_23' title="bbox 659 2882 2845 2977; baseline 0 -24"><span class='ocrx_word' id='word_1_167' title='bbox 659 2901 921 2972; x_wconf 77' lang='lat' dir='ltr'><strong>essent,</strong></span> <span class='ocrx_word' id='word_1_168' title='bbox 959 2882 1078 2952; x_wconf 88' lang='lat' dir='ltr'><strong>sed</strong></span> <span class='ocrx_word' id='word_1_169' title='bbox 1118 2900 1387 2976; x_wconf 90' lang='lat' dir='ltr'><strong>sceptro</strong></span> <span class='ocrx_word' id='word_1_170' title='bbox 1429 2902 1764 2956; x_wconf 88' lang='lat' dir='ltr'><strong>uteretur.</strong></span> <span class='ocrx_word' id='word_1_171' title='bbox 1807 2885 1973 2953; x_wconf 82' lang='lat' dir='ltr'><strong>Haec</strong></span> <span class='ocrx_word' id='word_1_172' title='bbox 2028 2886 2404 2954; x_wconf 83' lang='lat' dir='ltr'><strong>transactio</strong></span> <span class='ocrx_word' id='word_1_173' title='bbox 2428 2934 2450 2974; x_wconf 89' lang='lat'><strong>,</strong></span> <span class='ocrx_word' id='word_1_174' title='bbox 2489 2909 2641 2977; x_wconf 86' lang='lat' dir='ltr'><strong>quae</strong></span> <span class='ocrx_word' id='word_1_175' title='bbox 2678 2885 2845 2955; x_wconf 81' lang='lat' dir='ltr'><strong>vul-</strong></span> 
     </span>
     <span class='ocr_line' id='line_1_24' title="bbox 655 2975 2846 3080; baseline 0 -24"><span class='ocrx_word' id='word_1_176' title='bbox 655 3009 748 3079; x_wconf 87' lang='lat' dir='ltr'><strong>go</strong></span> <span class='ocrx_word' id='word_1_177' title='bbox 785 2975 1174 3058; x_wconf 68' lang='lat' dir='ltr'><strong>Callixti‘ria</strong></span> <span class='ocrx_word' id='word_1_178' title='bbox 1212 2990 1508 3077; x_wconf 82' lang='lat' dir='ltr'><strong>dicitur,</strong></span> <span class='ocrx_word' id='word_1_179' title='bbox 1546 3009 1687 3079; x_wconf 91' lang='lat' dir='ltr'><strong>quo</strong></span> <span class='ocrx_word' id='word_1_180' title='bbox 1729 2988 1941 3080; x_wconf 87' lang='lat' dir='ltr'><strong>majus</strong></span> <span class='ocrx_word' id='word_1_181' title='bbox 1968 3004 2140 3058; x_wconf 87' lang='lat' dir='ltr'><strong>esset</strong></span> <span class='ocrx_word' id='word_1_182' title='bbox 2179 2989 2364 3057; x_wconf 90' lang='lat' dir='ltr'><strong>illius</strong></span> <span class='ocrx_word' id='word_1_183' title='bbox 2396 2990 2649 3078; x_wconf 87' lang='lat' dir='ltr'><strong>robur,</strong></span> <span class='ocrx_word' id='word_1_184' title='bbox 2687 3009 2846 3078; x_wconf 92' lang='lat' dir='ltr'><strong>pro-</strong></span> 
     </span>
     <span class='ocr_line' id='line_1_25' title="bbox 657 3082 2841 3184; baseline -0 -25"><span class='ocrx_word' id='word_1_185' title='bbox 657 3093 848 3161; x_wconf 84' lang='lat' dir='ltr'><strong>ximo</strong></span> <span class='ocrx_word' id='word_1_186' title='bbox 887 3114 1046 3160; x_wconf 91' lang='lat' dir='ltr'><strong>ann.</strong></span> <span class='ocrx_word' id='word_1_187' title='bbox 1102 3102 1317 3179; x_wconf 78' lang='lat'><strong>1-1&#39;23.</strong></span> <span class='ocrx_word' id='word_1_188' title='bbox 1358 3097 1429 3162; x_wconf 93' lang='lat' dir='ltr'><strong>in</strong></span> <span class='ocrx_word' id='word_1_189' title='bbox 1467 3090 1791 3162; x_wconf 90' lang='lat' dir='ltr'><strong>Concilio</strong></span> <span class='ocrx_word' id='word_1_190' title='bbox 1833 3082 2295 3162; x_wconf 86' lang='lat' dir='ltr'><strong>trecentorum</strong></span> <span class='ocrx_word' id='word_1_191' title='bbox 2337 3091 2841 3184; x_wconf 88' lang='lat' dir='ltr'><strong>Episcoporum</strong></span> 
     </span>
     <span class='ocr_line' id='line_1_26' title="bbox 651 3194 2847 3284; baseline -0.002 -19"><span class='ocrx_word' id='word_1_192' title='bbox 651 3194 892 3266; x_wconf 88' lang='lat' dir='ltr'><strong>Romae</strong></span> <span class='ocrx_word' id='word_1_193' title='bbox 953 3197 1035 3263; x_wconf 88' lang='lat' dir='ltr'><strong>in</strong></span> <span class='ocrx_word' id='word_1_194' title='bbox 1077 3195 1370 3266; x_wconf 88' lang='lat' dir='ltr'><strong>Basilica</strong></span> <span class='ocrx_word' id='word_1_195' title='bbox 1420 3196 1873 3265; x_wconf 84' lang='lat' dir='ltr'><strong>Lateranensi</strong></span> <span class='ocrx_word' id='word_1_196' title='bbox 1926 3198 2276 3268; x_wconf 84' lang='lat' dir='ltr'><strong>celebrato</strong></span> <span class='ocrx_word' id='word_1_197' title='bbox 2313 3198 2636 3265; x_wconf 38' lang='lat' dir='ltr'><strong>*Auctore</strong></span> <span class='ocrx_word' id='word_1_198' title='bbox 2694 3195 2847 3284; x_wconf 87' lang='lat' dir='ltr'><strong>ipso</strong></span> 
     </span>
     <span class='ocr_line' id='line_1_27' title="bbox 651 3298 2846 3391; baseline -0.002 -23"><span class='ocrx_word' id='word_1_199' title='bbox 651 3322 732 3368; x_wconf 91' lang='lat' dir='ltr'><strong>ac</strong></span> <span class='ocrx_word' id='word_1_200' title='bbox 774 3298 1069 3368; x_wconf 85' lang='lat' dir='ltr'><strong>Praeside</strong></span> <span class='ocrx_word' id='word_1_201' title='bbox 1108 3300 1422 3370; x_wconf 85' lang='lat' dir='ltr'><strong>Callixto</strong></span> <span class='ocrx_word' id='word_1_202' title='bbox 1472 3321 1738 3370; x_wconf 90' lang='lat' dir='ltr'><strong>summo</strong></span> <span class='ocrx_word' id='word_1_203' title='bbox 1777 3298 2111 3372; x_wconf 85' lang='lat' dir='ltr'><strong>Pontifice</strong></span> <span class='ocrx_word' id='word_1_204' title='bbox 2139 3352 2161 3391; x_wconf 89' lang='lat'><strong>,</strong></span> <span class='ocrx_word' id='word_1_205' title='bbox 2207 3300 2477 3390; x_wconf 87' lang='lat' dir='ltr'><strong>ingenti</strong></span> <span class='ocrx_word' id='word_1_206' title='bbox 2541 3299 2846 3365; x_wconf 87' lang='lat' dir='ltr'><strong>omnium</strong></span> 
     </span>
    </p>
   </div>
   <div class='ocr_carea' id='block_1_5' title="bbox 655 3400 2849 3604">
    <p class='ocr_par' dir='ltr' id='par_1_5' title="bbox 655 3400 2849 3604">
     <span class='ocr_line' id='line_1_28' title="bbox 655 3400 2849 3495; baseline -0.002 -24"><span class='ocrx_word' id='word_1_207' title='bbox 655 3400 1158 3494; x_wconf 87' lang='lat' dir='ltr'><strong>Episcoporum</strong></span> <span class='ocrx_word' id='word_1_208' title='bbox 1194 3425 1351 3473; x_wconf 89' lang='lat' dir='ltr'><strong>cum</strong></span> <span class='ocrx_word' id='word_1_209' title='bbox 1391 3404 1723 3494; x_wconf 88' lang='lat' dir='ltr'><strong>applausu</strong></span> <span class='ocrx_word' id='word_1_210' title='bbox 1778 3423 2067 3495; x_wconf 86' lang='lat' dir='ltr'><strong>excepta</strong></span> <span class='ocrx_word' id='word_1_211' title='bbox 2102 3421 2240 3492; x_wconf 83' lang='lat' dir='ltr'><strong>est,</strong></span> <span class='ocrx_word' id='word_1_212' title='bbox 2284 3401 2849 3489; x_wconf 82' lang='lat' dir='ltr'><strong>confirmataque.</strong></span> 
     </span>
     <span class='ocr_line' id='line_1_29' title="bbox 660 3503 2470 3604; baseline -0.001 -33"><span class='ocrx_word' id='word_1_213' title='bbox 660 3503 952 3575; x_wconf 82' lang='lat' dir='ltr'><strong>Natalis</strong></span> <span class='ocrx_word' id='word_1_214' title='bbox 990 3504 1387 3574; x_wconf 77' lang='lat' dir='ltr'><strong>Alexander</strong></span> <span class='ocrx_word' id='word_1_215' title='bbox 1441 3507 1495 3573; x_wconf 89' lang='lat' dir='ltr'><em>S</em></span> <span class='ocrx_word' id='word_1_216' title='bbox 1500 3528 1613 3574; x_wconf 69' lang='grc' dir='ltr'><strong>ωε.</strong></span> <span class='ocrx_word' id='word_1_217' title='bbox 1658 3506 1813 3574; x_wconf 88' lang='lat' dir='ltr'><strong>XII.</strong></span> <span class='ocrx_word' id='word_1_218' title='bbox 1854 3507 2017 3604; x_wconf 69' lang='lat' dir='ltr'><strong>⁴diss.</strong></span> <span class='ocrx_word' id='word_1_219' title='bbox 2058 3534 2129 3595; x_wconf 85' lang='lat'><strong>4.</strong></span> <span class='ocrx_word' id='word_1_220' title='bbox 2171 3522 2307 3574; x_wconf 85' lang='lat' dir='ltr'><strong>art.</strong></span> <span class='ocrx_word' id='word_1_221' title='bbox 2358 3505 2470 3572; x_wconf 88' lang='lat'><strong>18.</strong></span> 
     </span>
    </p>
   </div>
   <div class='ocr_carea' id='block_1_6' title="bbox 687 3590 2852 3786">
    <p class='ocr_par' dir='ltr' id='par_1_6' title="bbox 687 3590 2852 3786">
     <span class='ocr_line' id='line_1_30' title="bbox 687 3590 2801 3700; baseline 0 -18"><span class='ocrx_word' id='word_1_222' title='bbox 687 3646 691 3651; x_wconf 77' lang='grc'><strong>’</strong></span> <span class='ocrx_word' id='word_1_223' title='bbox 770 3614 833 3698; x_wconf 77' lang='grc' dir='ltr'><strong>ι)</strong></span> <span class='ocrx_word' id='word_1_224' title='bbox 906 3622 1045 3681; x_wconf 72' lang='lat' dir='ltr'><strong>Vici.</strong></span> <span class='ocrx_word' id='word_1_225' title='bbox 1093 3626 1233 3700; x_wconf 69' lang='lat' dir='ltr'><strong>Jac.</strong></span> <span class='ocrx_word' id='word_1_226' title='bbox 1259 3612 1564 3688; x_wconf 79' lang='lat' dir='ltr'><strong>Gerbeistl</strong></span> <span class='ocrx_word' id='word_1_227' title='bbox 1591 3631 1730 3686; x_wconf 76' lang='lat' dir='ltr'><strong>diss.</strong></span> <span class='ocrx_word' id='word_1_228' title='bbox 1767 3608 1881 3685; x_wconf 74' lang='lat' dir='ltr'><strong>Sur</strong></span> <span class='ocrx_word' id='word_1_229' title='bbox 1924 3626 1967 3682; x_wconf 88' lang='lat' dir='ltr'><strong>l’</strong></span> <span class='ocrx_word' id='word_1_230' title='bbox 2004 3624 2230 3686; x_wconf 82' lang='lat' dir='ltr'><strong>heresie</strong></span> <span class='ocrx_word' id='word_1_231' title='bbox 2262 3628 2361 3682; x_wconf 83' lang='lat' dir='ltr'><strong>des</strong></span> <span class='ocrx_word' id='word_1_232' title='bbox 2394 3590 2801 3683; x_wconf 75' lang='lat' dir='ltr'><strong>investitures.</strong></span> 
     </span>
     <span class='ocr_line' id='line_1_31' title="bbox 734 3621 2852 3786; baseline -0 -23"><span class='ocrx_word' id='word_1_233' title='bbox 734 3621 836 3786; x_wconf 52' lang='grc' dir='ltr'><strong>ξω)</strong></span> <span class='ocrx_word' id='word_1_234' title='bbox 915 3706 1063 3763; x_wconf 81' lang='lat' dir='ltr'><strong>Vid.</strong></span> <span class='ocrx_word' id='word_1_235' title='bbox 1086 3708 1478 3767; x_wconf 68' lang='lat' dir='ltr'><strong>VVincklerin</strong></span> <span class='ocrx_word' id='word_1_236' title='bbox 1498 3710 1649 3768; x_wconf 71' lang='lat' dir='ltr'><strong>diss.</strong></span> <span class='ocrx_word' id='word_1_237' title='bbox 1684 3700 1755 3768; x_wconf 58' lang='lat' dir='ltr'><strong>de&#39;</strong></span> <span class='ocrx_word' id='word_1_238' title='bbox 1787 3705 2074 3766; x_wconf 68' lang='lat' dir='ltr'><strong>Commii-5.</strong></span> <span class='ocrx_word' id='word_1_239' title='bbox 2101 3704 2241 3780; x_wconf 85' lang='lat' dir='ltr'><strong>Imp.</strong></span> <span class='ocrx_word' id='word_1_240' title='bbox 2284 3706 2340 3761; x_wconf 82' lang='lat' dir='ltr'><strong>in</strong></span> <span class='ocrx_word' id='word_1_241' title='bbox 2362 3706 2569 3764; x_wconf 85' lang='lat' dir='ltr'><strong>Elect.</strong></span> <span class='ocrx_word' id='word_1_242' title='bbox 2604 3702 2852 3762; x_wconf 82' lang='lat' dir='ltr'><strong>Praesul.</strong></span> 
     </span>
    </p>
   </div>
   <div class='ocr_carea' id='block_1_7' title="bbox 661 3783 2855 3948">
    <p class='ocr_par' dir='ltr' id='par_1_7' title="bbox 661 3783 2855 3948">
     <span class='ocr_line' id='line_1_32' title="bbox 661 3783 2855 3948; baseline -0.002 -24"><span class='ocrx_word' id='word_1_243' title='bbox 661 3783 859 3948; x_wconf 48' lang='grc' dir='ltr'><strong><em>δρᾶς’</em></strong></span> <span class='ocrx_word' id='word_1_244' title='bbox 919 3861 1054 3922; x_wconf 83' lang='lat' dir='ltr'><strong>Vid.</strong></span> <span class='ocrx_word' id='word_1_245' title='bbox 1081 3866 1308 3944; x_wconf 81' lang='lat' dir='ltr'><strong>Moser,</strong></span> <span class='ocrx_word' id='word_1_246' title='bbox 1334 3870 1571 3929; x_wconf 77' lang='lat' dir='ltr'><strong>Decisio</strong></span> <span class='ocrx_word' id='word_1_247' title='bbox 1595 3871 1666 3930; x_wconf 82' lang='lat' dir='ltr'><strong>de</strong></span> <span class='ocrx_word' id='word_1_248' title='bbox 1685 3871 1815 3941; x_wconf 77' lang='lat' dir='ltr'><strong>jure</strong></span> <span class='ocrx_word' id='word_1_249' title='bbox 1834 3867 2132 3939; x_wconf 79' lang='lat' dir='ltr'><strong>judicandi</strong></span> <span class='ocrx_word' id='word_1_250' title='bbox 2168 3867 2226 3921; x_wconf 85' lang='lat' dir='ltr'><strong>in</strong></span> <span class='ocrx_word' id='word_1_251' title='bbox 2251 3863 2602 3924; x_wconf 78' lang='lat' dir='ltr'><strong>discordibus</strong></span> <span class='ocrx_word' id='word_1_252' title='bbox 2616 3864 2855 3923; x_wconf 80' lang='lat' dir='ltr'><strong>electio·</strong></span> 
     </span>
    </p>
   </div>
   <div class='ocr_carea' id='block_1_8' title="bbox 659 3943 2848 4105">
    <p class='ocr_par' dir='ltr' id='par_1_8' title="bbox 659 3943 2848 4105">
     <span class='ocr_line' id='line_1_33' title="bbox 659 3943 2848 4026; baseline -0.002 -21"><span class='ocrx_word' id='word_1_253' title='bbox 659 3949 823 4006; x_wconf 82' lang='lat' dir='ltr'><strong>nibus</strong></span> <span class='ocrx_word' id='word_1_254' title='bbox 837 3947 900 4005; x_wconf 83' lang='lat' dir='ltr'><strong><em>E</em></strong></span> <span class='ocrx_word' id='word_1_255' title='bbox 905 3947 1384 4007; x_wconf 76' lang='lat' dir='ltr'><strong>eclesiasticarum</strong></span> <span class='ocrx_word' id='word_1_256' title='bbox 1399 3951 1645 4024; x_wconf 83' lang='lat' dir='ltr'><strong>Imperii</strong></span> <span class='ocrx_word' id='word_1_257' title='bbox 1667 3949 2036 4020; x_wconf 82' lang='lat' dir='ltr'><strong>Electorum·,</strong></span> <span class='ocrx_word' id='word_1_258' title='bbox 2071 3948 2160 4004; x_wconf 83' lang='lat' dir='ltr'><strong>cui</strong></span> <span class='ocrx_word' id='word_1_259' title='bbox 2179 3949 2360 4026; x_wconf 76' lang='lat' dir='ltr'><strong>junge</strong></span> <span class='ocrx_word' id='word_1_260' title='bbox 2386 3946 2599 4003; x_wconf 79' lang='lat' dir='ltr'><strong>Franc.</strong></span> <span class='ocrx_word' id='word_1_261' title='bbox 2616 3943 2848 4003; x_wconf 87' lang='lat' dir='ltr'><strong>Anton.</strong></span> 
     </span>
     <span class='ocr_line' id='line_1_34' title="bbox 661 4022 2762 4105; baseline -0.003 -16"><span class='ocrx_word' id='word_1_262' title='bbox 661 4030 825 4090; x_wconf 87' lang='lat' dir='ltr'><strong>Durr</strong></span> <span class='ocrx_word' id='word_1_263' title='bbox 853 4031 992 4091; x_wconf 80' lang='lat' dir='ltr'><strong>diss.</strong></span> <span class='ocrx_word' id='word_1_264' title='bbox 1024 4029 1091 4092; x_wconf 84' lang='lat' dir='ltr'><strong>de</strong></span> <span class='ocrx_word' id='word_1_265' title='bbox 1119 4030 1297 4105; x_wconf 76' lang='lat' dir='ltr'><strong>judic.</strong></span> <span class='ocrx_word' id='word_1_266' title='bbox 1336 4043 1694 4093; x_wconf 80' lang='lat' dir='ltr'><strong>controvers.</strong></span> <span class='ocrx_word' id='word_1_267' title='bbox 1731 4033 1793 4090; x_wconf 82' lang='lat' dir='ltr'><strong>in</strong></span> <span class='ocrx_word' id='word_1_268' title='bbox 1815 4031 2001 4103; x_wconf 78' lang='lat' dir='ltr'><strong>causis</strong></span> <span class='ocrx_word' id='word_1_269' title='bbox 2024 4028 2300 4088; x_wconf 79' lang='lat' dir='ltr'><strong>election.</strong></span> <span class='ocrx_word' id='word_1_270' title='bbox 2334 4028 2539 4102; x_wconf 70' lang='lat' dir='ltr'><strong>Epire.</strong></span> <span class='ocrx_word' id='word_1_271' title='bbox 2568 4022 2762 4086; x_wconf 83' lang='lat' dir='ltr'><strong>Germ.</strong></span> 
     </span>
    </p>
   </div>
  </div>
 </body>
</html>
