3275 4784
731 315 829 393 70
1498 311 1878 364 sscT1o
1985 313 2041 362 1.

676 438 1079 523 ciendisque
1131 453 1448 505 versatur
1475 484 1496 520 ,
1551 435 1852 500 firmiore
1895 434 2140 499 nititur
2181 429 2446 498 ratione
2477 479 2498 515 ,
2537 452 2739 521 quam
2776 453 2855 510 ut

676 544 850 631 eripi
889 542 1146 627 eidem,
1186 557 1254 607 et
1294 541 1363 604 in
1418 539 1627 605 alium
1669 534 2026 604 transferri
2079 534 2331 601 temere
2376 537 2622 623 possit:
2663 561 2849 608 com-

674 650 981 734 peritque
1022 642 1197 710 illud
1242 663 1375 708 non
1416 645 1732 707 omnibus
1787 642 1993 706 etiam
2035 638 2124 705 de
2167 637 2363 727 plebe
2417 636 2841 733 Christiani3‚

676 769 914 815 verum
958 746 1340 834 Praepositis
1396 745 1835 811 ecclesiarum
1876 743 2090 809 libera
2146 740 2428 829 quidem
2491 758 2694 831 atque
2731 748 2844 815 in·-

672 850 1103 937 dependente
1143 849 1610 935 auctoritate,
1651 847 1738 913 ad
1778 839 2302 912 aedificationem
2342 858 2569 912 tamen
2609 868 2843 938 corpo-

667 955 762 1021 ris
801 951 1108 1038 Christi,
1149 973 1283 1021 non
1323 950 1413 1022 ad
1454 948 1597 1038 ejus
1634 949 2173 1017 destructionem
2220 949 2687 1020 exercendum
2712 942 2843 1049 (1).

667 1057 920 1146 Neque
986 1058 1167 1123 enim
1224 1074 1566 1123 canonum
1625 1053 2245 1120 ecclesiasticorum
2307 1052 2419 1119 vel
2471 1055 2652 1121 alius
2714 1072 2847 1145 est,

665 1181 869 1248 quam
903 1161 1021 1249 qui
1065 1158 1390 1226 Ecclesiae
1421 1149 1621 1244 finis,
1687 1155 1763 1225 id
1799 1172 1938 1243 est,
1979 1155 2289 1223 fidelium
2347 1156 2614 1224 interna
2668 1158 2844 1227 salus

663 1252 780 1358 (ὃ.
820 1253 995 1359 VI.)
1033 1262 1144 1352 yel
1183 1260 1501 1350 objectum
1541 1258 1774 1347 aliud,
1813 1280 2017 1350 quam
2057 1260 2338 1348 negotia
2375 1257 2541 1327 fidei
2579 1281 2659 1327 ac
2705 1281 2850 1331 rno—

663 1385 817 1435 rum
845 1357 947 1464 (§.
977 1355 1336 1461 xxxix.)
1370 1381 1438 1431 et
1479 1362 1857 1451 disciplinae
1890 1363 2364 1430 ecclesiasticae
2398 1352 2504 1458 (§.
2545 1354 2732 1460 XL.)
2759 1362 2845 1433 ad

662 1491 822 1538 eum
859 1471 1119 1538 scilicet
1156 1468 1438 1536 modum
1477 1465 2011 1555 constituendae,
2044 1482 2121 1536 ut
2156 1485 2385 1533 rerum
2415 1463 2848 1554 publicarum

657 1568 1063 1641 felicitatem
1107 1586 1547 1661 promoveat,
1585 1591 1721 1638 non
1771 1569 2107 1639 destruat.
2149 1561 2255 1667 (§.
2298 1556 2530 1665 XLI.)
2580 1568 2847 1638 Nulla-

657 1696 742 1742 ne
805 1678 1022 1764 igitur
1073 1673 1400 1742 Ecclesiae
1437 1674 1509 1738 in
1545 1672 1746 1741 rebus
1783 1695 1863 1741 ac
1904 1673 2202 1762 negotiis
2255 1667 2562 1762 profanis
2606 1691 2845 1761 potes·

661 1793 765 1844 tas
828 1794 927 1845 est
955 1827 976 1865 ,
1017 1775 1330 1865 inquies?
1373 1772 1497 1842 Est
1548 1794 1719 1844 vero
1747 1822 1771 1858 ,
1821 1777 2156 1864 inquam,
2197 1774 2320 1843 sed
2359 1777 2428 1842 in
2475 1776 2560 1841 iis
2608 1776 2702 1843 ad
2742 1800 2843 1845 ae-

662 1896 926 1947 ternam
967 1881 1255 1948 salutem
1307 1879 1686 1970 dirigendis
1715 1929 1738 1967 ,
1775 1900 1912 1948 non
1951 1880 2160 1947 etiam
2200 1899 2327 1968 pro
2365 1877 2654 1947 arbitrio
2699 1880 2846 1947 dis-

643 1982 989 2074 ponendis.
1028 1982 1414 2072 Spiritualis
1465 1981 1795 2051 Ecclesiae
1854 1999 2152 2074 potestas
2194 1997 2296 2051 est
2333 1970 2454 2078 (§.
2495 1973 2848 2081 XXXV.)

657 2087 774 2154 cui
813 2086 1149 2176 regendas
1187 2089 1446 2157 animas
1485 2088 1823 2155 commisit
1863 2087 2049 2155 Deus
2073 2137 2098 2173 ,
2138 2106 2350 2176 regna
2389 2084 2852 2178 gubernanda

653 2207 792 2258 non
844 2193 1209 2260 commisit.
1270 2193 1603 2282 Apposite
1656 2190 1857 2259 Osius
1908 2190 1999 2259 ad
2051 2188 2408 2258 Constant.
2456 2188 2632 2277 Imp.
2688 2187 2850 2259 Tibi

657 2291 847 2361 Deus
886 2294 1228 2387 imperium
1289 2295 1609 2363 commisit
1638 2344 1663 2385 ,
1710 2294 1972 2384 ajebat,
2024 2295 2258 2382 nobis,
2308 2313 2450 2381 quae
2498 2305 2651 2358 sunt
2693 2289 2847 2362 Ec-

659 2398 933 2486 clesiae,
994 2399 1425 2466 concredidit.
1467 2397 1565 2469 Et
1607 2399 2163 2485 quemadmodum,
2216 2396 2331 2487 qui
2390 2411 2575 2465 tuum
2633 2393 2851 2487 impe·-

656 2500 829 2567 rium
867 2501 1186 2592 malignis
1233 2499 1439 2567 oculis
1479 2501 1703 2591 carpit
1732 2549 1756 2589 ,
1817 2498 2226 2568 contradicit
2288 2497 2707 2569 ordinationi
2742 2500 2854 2569 di-

652 2600 879 2669 vinae:
920 2603 1026 2672 ita
1091 2618 1159 2672 et
1224 2618 1302 2671 tu
1370 2624 1532 2671 cave
1572 2652 1595 2692 ,
1659 2626 1738 2672 ne
1766 2653 1790 2691 ,
1842 2625 1986 2694 quae
2059 2617 2213 2671 sunt
2286 2599 2614 2673 Ecclesiae
2652 2651 2681 2691 ,
2755 2603 2855 2673 ad

651 2719 725 2772 te
765 2704 1042 2776 trahens
1079 2730 1316 2799 magno
1354 2707 1614 2775 crimini
1680 2707 1995 2774 obnoxius
2021 2699 2178 2787 fias.
2218 2702 2404 2772 Date
2436 2755 2460 2792 ,
2514 2705 2851 2793 scriptum

650 2824 753 2873 est
777 2857 798 2894 ,
834 2832 986 2896 quae
1019 2825 1177 2874 sunt
1212 2806 1498 2872 Caesaris
1525 2852 1548 2888 ,
1587 2805 1885 2889 Caesari,
1922 2821 1992 2869 et
2030 2826 2181 2890 quae
2218 2817 2378 2869 sunt
2414 2804 2604 2889 Dei,
2643 2802 2843 2878 Deo.

651 2906 887 2993 Neque
947 2907 1113 2973 enim
1162 2902 1285 2988 fas
1336 2918 1440 2969 est
1504 2902 1687 2969 nobis
1748 2904 1820 2986 in
1880 2903 2088 2972 terris
2152 2903 2499 2995 imperium
2561 2918 2842 3001 tenere,

647 3028 848 3095 neque
884 3021 960 3075 tu
998 3005 1500 3099 thymiamatum
1533 3021 1604 3073 et
1643 3026 1973 3075 sacrorum
2003 3021 2417 3099 potestatem
2468 3007 2676 3078 habes
2714 3011 2841 3085 Im·

636 3106 942 3201 pera'tor.
996 3110 1210 3202 Apud
1256 3109 1335 3178 S.
1402 3108 1888 3180 Athanasium.
2251 3201 2257 3208 .

748 3214 1007 3286 Senon.
1111 3216 1281 3284 Haec
1344 3214 1443 3283 ita
1495 3235 1710 3304 quum
1759 3215 1932 3302 sint,
1983 3213 2157 3305 quid
2207 3216 2293 3284 iis
2331 3209 2663 3285 faciemus
2697 3236 2833 3288 ca·-
2881 3250 2886 3253 ·

642 3320 978 3410 nonibus,
1018 3321 1310 3390 decretis
1328 3367 1351 3407 ,
1383 3318 2031 3407 constitutionibus,
2056 3340 2211 3408 quae
2235 3336 2393 3389 sunt
2421 3316 2831 3410 frequenter

630 3407 730 3491 'de
782 3424 984 3493 rebus
1026 3443 1224 3516 mere·
1258 3417 1564 3510 profanis
1603 3420 1850 3491 editae‘}
1900 3422 2127 3490 dicam
2175 3422 2366 3512 quod
2429 3423 2650 3490 sentio
2685 3443 2829 3511 pro

639 3524 926 3613 ingenio
987 3543 1142 3591 meo
1193 3539 1427 3614 aperte
1490 3544 1567 3592 ac
1620 3524 1963 3594 candide:
2029 3526 2600 3613 constitutiones,
2658 3545 2823 3613 quae

633 3625 907 3717 juribus
935 3624 1211 3717 Regum
1238 3648 1317 3694 ac
1344 3624 1739 3716 Principum
1765 3626 2094 3719 majestati
2124 3629 2417 3720 propriis
2443 3613 2820 3719 derogant,

639 3727 898 3796 nullius
947 3750 1088 3798 esse
1131 3730 1392 3798 roboris
1444 3731 1814 3799 contende.
1862 3731 2109 3822 Opinio
2158 3732 2327 3800 enim
2360 3730 2523 3818 illa,
2578 3730 2820 3820 inquit

635 3829 913 3900 Natalis
962 3831 1398 3921 Alexander,
1436 3856 1576 3921 quae
1622 3833 1994 3924 Ecclesiae,
2042 3838 2157 3905 vel
2203 3834 2496 3905 Romano
2559 3831 2821 3903 Ponti-

628 3925 754 4019 fici
780 3951 1186 4027 potestatem
1248 3935 1493 4005 tribuit
1525 3986 1548 4026 ,
1598 3940 1805 4006 etiam
1856 3937 2254 4012 indirectam
2281 3990 2307 4034 ‚
2352 3940 2423 4009 in
2472 3955 2817 4036 tempora-

722 4054 841 4140 (1)
924 4059 1011 4121 11.
1047 4057 1309 4122 Corinth.
1347 4072 1468 4136 cap.
1507 4058 1697 4120 XIII.
1743 4078 1838 4122 ιο.
