3275 4784
637 235 776 310 194
1105 195 1110 198 ’
1404 230 1779 287 anemo
1880 232 1989 286 11.

577 378 690 427 me
733 353 1022 444 laedant,
1058 371 1137 426 ut
1165 353 1360 447 vulgi
1386 354 1560 425 solet
1596 354 2075 444 superstitiosa
2112 353 2527 445 credulitas,
2583 355 2787 433 immo

578 460 913 550 adjuvent
966 462 1173 530 etiam
1201 507 1223 545 ‚
1288 457 1540 527 idonea
1595 476 1832 529 tamen
1899 459 2171 550 origine
2237 475 2307 528 et
2378 464 2793 534 auctoritate

583 562 940 633 destitutae
1005 563 1358 634 videntur.

691 665 951 734 Senot..
1057 661 1269 733 Conf.
1326 662 1635 734 Zaiwein
1685 665 1808 735 cit.
1865 665 2137 733 dissert.
2178 667 2239 750 §.
2302 686 2419 733 10.
2488 665 2779 737 Auctor.

576 769 803 861 princ.
833 768 977 858 jur.
1012 769 1203 859 publ.
1235 767 1496 837 Eccles.
1535 786 1682 858 cap.
1723 791 1837 838 10.
1880 772 1940 854 ξ.
1987 790 2106 834 20.
2137 789 2315 857 seqq.
2357 767 2451 836 Et
2494 791 2627 858 prae
2654 793 2779 839 ce-

590 873 756 939 teris
815 873 1003 940 Hon.
1046 868 1087 940 ἒι
1129 872 1192 937 S.
1236 871 1463 938 Maria
1505 873 1792 939 animad.
1850 872 1919 938 in
1959 893 2074 937 usu
2115 894 2265 963 reg.
2300 873 2468 942 crit.
2508 889 2666 943 tom.
2718 896 2782 943 s.

593 973 757 1044 diss.
801 996 871 1064 7.
915 993 1053 1045 art.
1098 995 1169 1067 9.
1211 989 1280 1042 et
1322 989 1479 1043 tom.
1525 996 1592 1045 2.
1631 977 1798 1043 diss.
1851 998 1914 1043 1.
1955 975 2256 1067 integra.

1497 1200 1561 1282 ς.
1665 1194 1889 1265 CLV.

828 1393 1028 1492 Quae
1083 1399 1211 1470 vis
1285 1393 1843 1469 consuetudinis
1904 1393 2561 1470 Ecclesiasticae3

755 1593 1018 1664 Differt
1081 1590 1125 1663 ὲ,
1189 1599 1564 1667 traditione
1642 1597 2033 1664 consuetudo
2114 1595 2602 1663 Ecclesiastica
2667 1587 2700 1692 (
2723 1600 2783 1682 §.

596 1692 953 1765 CXLVII.
983 1688 1014 1792 )
1044 1747 1065 1783 ,
1143 1720 1283 1788 quo
1352 1702 1622 1766 nomine
1700 1699 2002 1788 regulam
2076 1699 2395 1788 intelligo
2459 1700 2786 1767 actionum

599 1799 935 1866 diuturnis
980 1803 1306 1869 utentium
1359 1800 1645 1869 moribus
1710 1802 1779 1867 in
1833 1799 2142 1868 Ecclesia
2179 1802 2609 1869 constit-utam
2648 1793 2785 1898 (1).

601 1899 837 1969 Mores
888 1920 1119 1972 autem
1160 1923 1316 1973 sunt
1356 1920 1545 1972 actus
1599 1904 2006 1995 singulorum
2048 1896 2347 1987 fidelium
2389 1907 2479 1972 ad
2506 1908 2793 1972 eamdem

599 2025 936 2096 normam,
988 2008 1121 2075 etsi
1186 2009 1480 2099 nuspiam
1532 2011 2003 2097 praescriptam
2052 2008 2399 2097 compositi
2453 1998 2620 2103 (ἡκ
2673 2009 2793 2097 qui

600 2107 655 2176 si
707 2111 1037 2199 opinione
1084 2111 1262 2201 juris
1323 2111 1446 2179 diu
1514 2133 1595 2179 ae
1665 2108 2066 2200 frequenter
2121 2113 2413 2199 suscepti
2479 2126 2690 2198 sunt,
2741 2111 2798 2178 si

609 2228 945 2301 praeterea
994 2216 1143 2306 legi
1203 2237 1333 2285 ¹nec
1379 2215 1643 2283 divinae
1689 2236 1814 2281 nec
1871 2213 2183 2282 humanae
2212 2213 2532 2281 absolute
2570 2229 2802 2281 ‘actum

599 2315 1047 2406 prohibenti,
1080 2341 1212 2387 nec
1244 2321 1455 2387 saluti
1499 2320 1738 2408 popuii
1779 2315 2158 2386 Christiani
2198 2318 2334 2384 alia
2373 2315 2666 2406 quadam
2701 2339 2798 2383 ra·

601 2421 789 2504 tione
819 2413 1315 2515 adversentur(
1326 2413 1424 2515 3),
1441 2422 1808 2488 accedente
1829 2423 2199 2508 superioris
2227 2440 2555 2487 consensu
2586 2421 2793 2486 etiam

604 2520 910 2608 generali
946 2523 1087 2588 vim
1117 2523 1288 2610 legis
1319 2539 1669 2611 perpetuae
1705 2519 2182 2608 adipiscuntur
2211 2512 2365 2617 (4):,
2404 2538 2611 2611 atque
2650 2543 2801 2588 eam

609 2622 893 2710 quidem
951 2643 1094 2689 non
1150 2625 1221 2691 in
1288 2624 1394 2690 his
1462 2626 1823 2690 dumtaxat
1877 2624 1963 2689 de
2020 2624 2267 2713 quibus
2327 2624 2514 2693 nulla
2579 2642 2801 2691 exstat

605 2726 1001 2814 praescripta
1042 2724 1152 2792 lex
1180 2775 1202 2813 ,
1240 2728 1718 2794 verum.ii'1=.iis
1758 2747 2032 2815 quoque
2064 2776 2086 2811 ,
2139 2749 2288 2813 quae
2324 2728 2474 2815 jure
2518 2726 2802 2795 definita

607 2843 764 2894 sunt
799 2875 820 2911 ,
888 2848 1005 2894 seu
1047 2827 1585 2916 interpretandis
1614 2876 1633 2913 ‚
1675 2849 1793 2893 seu
1848 2826 2262 2916 abrogandis
2303 2818 2443 2922 (5).
2490 2827 2802 2897 Proban-

613 2928 719 2994 dae
755 2947 930 2995 vero
963 2931 1488 2998 consuetudinis
1526 2932 1709 2998 ratio
1746 2930 2248 3018 expeditissima
2276 2981 2296 3018 ,
2332 2932 2388 2997 si
2427 2933 2800 3007 contradic-

614 3044 687 3096 to
725 3029 910 3098 illam
943 3032 1203 3122 judicio
1244 3034 1619 3123 aliquando
1657 3032 2032 3101 obtinuisse
2068 3033 2342 3101 *ostendi
2384 3052 2630 3122 potest.
2661 3035 2802 3103 Ni-

611 3131 713 3201 hil
756 3143 987 3203 autem
1028 3133 1298 3226 obstat,
1338 3159 1490 3205 eam
1530 3138 1734 3205 etiam
1772 3158 1893 3226 per
1915 3152 2129 3203 testes
2162 3138 2309 3205 fieri
2339 3138 2650 3226 majores,
2679 3138 2803 3224 qui

611 3234 946 3309 habeant.
971 3241 1467 3309 consuetudinis
1498 3240 1819 3308 notitiam
1868 3239 2280 3330 pleniorem,
2332 3257 2477 3328 cap.
2542 3259 2654 3306 10.
2721 3242 2803 3306 de

613 3333 794 3423 offic.
837 3342 1101 3411 archid.
1193 3365 1234 3408 3¹
1635 3404 1661 3408 ,.

699 3443 963 3514 Senot..
994 3447 1066 3515 Ι.
1157 3443 1381 3516 Conf.
1413 3444 1722 3515 Bohmer
1748 3445 1882 3514 lib.
1922 3468 1992 3515 1.
2022 3448 2285 3515 decret.
2314 3444 2436 3512 tit.
2467 3467 2538 3532 4.
2571 3447 2629 3530 §.
2664 3465 2809 3532 42.·

690 3632 795 3715 (ι)
881 3636 1049 3696 Dist.
1107 3658 1158 3696 1.
1196 3657 1321 3698 can.
1370 3658 1421 3716 ς.
1571 3674 1645 3698 ω.
1740 3683 1743 3686 -

621 3787 630 3794 Α
706 3712 801 3790 (2)
880 3716 1200 3777 Bahmerus
1243 3722 1304 3775 in
1330 3723 1520 3795 princ.
1553 3721 1669 3790 jur.
1707 3738 1832 3780 can.
1869 3721 1921 3796 §.
1966 3720 2105 3794 248.
2716 3773 2725 3779 ,

690 3790 789 3881 (3)
871 3796 1033 3855 Dist.
1058 3817 1149 3856 11.
1177 3817 1298 3856 can.
1318 3819 1374 3874 4.
1400 3802 1455 3857 6.
1483 3800 1644 3857 Dist.
1678 3803 1770 3858 1'2.
1792 3818 1917 3857 can.
1942 3801 1994 3855 8.
2023 3810 2146 3873 cap.
2174 3811 2300 3877 1.·7.
2339 3817 2426 3856 11.
2446 3800 2525 3856 de
2545 3807 2796 3860 consuet.

687 3878 789 4034 Υ.)
871 3876 1037 3934 Dist.
1083 3897 1173 3935 12.
1203 3898 1322 3937 can.
1352 3881 1409 3938 6.
1446 3894 1568 3953 cap.
1603 3899 1661 3951 9.
1696 3882 1766 3937 de
1790 3893 2043 3939 consuet.
2803 3873 2813 3882 ’

722 3960 782 4034 9)
815 3983 827 4024 5
861 3956 1000 4031 ΦΨ.
1043 3958 1097 4022 8.
1123 3960 1193 4021 de
1227 3973 1476 4023 consuet.
1511 3973 1638 4035 cap.
1672 3979 1731 4020 α.
1768 3962 1837 4024 de
1854 3959 1987 4035 fer.
