3275 4784
792 275 881 331 to
1566 250 1964 325 szc‘rro
2033 271 2088 322 1.

1678 490 1739 577 §-
1835 487 1982 560 v1.

1210 704 1446 784 Finis
1511 699 1890 779 Ecclesiae
1955 700 2452 784 Christianae.

886 914 1013 991 Est
1053 919 1288 1009 itaque
1328 932 1407 986 ut
1445 914 1803 1007 religionis
1841 916 1936 983 ita
1972 916 2317 984 societatis
2364 913 2921 994 Christianorum

730 1022 915 1095 idem
980 1042 1224 1092 auctor
1271 1019 1633 1108 Christus,
1699 1019 1879 1087 idem
1941 1022 2222 1088 omnino
2259 1011 2444 1104 finis.
2495 1022 2602 1090 Ae
2668 1043 2914 1096 ceterae

726 1129 1058 1221 quidem,
1102 1129 1167 1194 in
1210 1148 1377 1214 quas
1419 1127 1626 1191 variis
1681 1122 1769 1191 de
1809 1126 2029 1190 causis
2071 1127 2389 1193 mortales
2423 1147 2597 1215 saepe
2632 1138 2916 1220 co‘e'unt,

730 1236 1096 1301 societates
1150 1233 1311 1298 vitae
1353 1229 1553 1319 hujus
1610 1225 1756 1296 fere
1801 1230 2234 1296 interituram
2289 1231 2455 1298 olim
2505 1227 2918 1305 felicitatem

727 1351 1236 1403 consectantur.
1280 1332 1460 1402 Nam
1492 1350 1559 1400 et
1602 1334 1787 1422 ipsa,
1824 1354 1978 1421 quae
2007 1334 2158 1400 aliis
2198 1334 2514 1401 omnibus
2539 1351 2610 1402 et
2649 1339 2917 1426 magni-

731 1442 976 1506 tudine
1024 1455 1290 1527 praestat
1334 1454 1401 1505 et
1463 1437 1865 1523 nobilitate,
1928 1438 2155 1504 civilis
2206 1438 2497 1506 societas
2538 1438 2805 1507 beatam
2845 1463 2915 1511 se

726 1564 806 1611 ac
851 1541 1120 1610 felicem
1169 1562 1439 1629 prorsus
1484 1559 1796 1629 reputat,
1835 1562 2045 1628 quum
2084 1540 2170 1607 ab
2207 1543 2391 1609 omni
2427 1564 2666 1610 secura
2704 1561 2917 1634 metu,

723 1644 972 1726 rebuS,
1011 1648 1259 1730 quibus
1298 1646 1385 1711 ad
1428 1646 1588 1711 vitae
1626 1646 2182 1711 commoditatem
2213 1645 2562 1730 abundat,
2590 1649 2920 1737 tranquil·
2983 1734 2984 1737 Ἴ

725 1747 791 1816 le
834 1744 1096 1834 perfrui
1145 1768 1359 1836 potest
1408 1738 1546 1841 (ι).
1594 1750 1686 1812 At
1738 1745 2293 1817 Christianorum
2346 1754 2647 1818 sanctior
2694 1769 2797 1819 est
2836 1773 2920 1822 ac

726 1851 1090 1917 sublimior
1146 1851 1345 1917 finis:
1404 1852 1694 1918 beatitas
1746 1852 2066 1918 nimirum
2103 1902 2124 1938 ,
2173 1874 2315 1931 non
2379 1852 2587 1943 hujus
2637 1856 2799 1922 vitae
2850 1871 2921 1923 et

724 1975 880 2044 quae
922 1957 1230 2042 corporis
1258 1954 1635 2022 commodis
1665 1955 2291 2040 circumscribitur,
2323 1958 2444 2023 sed
2474 1979 2594 2044 ea,
2627 1979 2780 2045 quae
2818 1974 2922 2029 est

721 2061 1003 2136 animae,
1045 2078 1109 2126 et
1150 2056 1233 2124 ad
1286 2055 1589 2126 futuram
1628 2059 1839 2123 vitam
1885 2060 2219 2147 pertinet,
2253 2059 2629 2128 obtinenda
2669 2082 2794 2150 per
2826 2060 2918 2128 fi-

721 2161 881 2229 dem
941 2165 1005 2230 in
1051 2161 1403 2231 Christum
1462 2160 1741 2228 humani
1815 2164 2084 2249 generis
2135 2163 2575 2232 liberatorem
2614 2155 2720 2255 (§.
2762 2154 2916 2258 V.).

721 2263 944 2349 Quod
986 2286 1221 2355 aperte
1264 2267 1598 2334 Servator
1641 2268 1916 2353 docuit,
1957 2264 2683 2356 quando-legationiS,
2713 2286 2919 2354 quam

719 2368 1003 2449 obibat,
1046 2372 1376 2435 rationem
1423 2371 1866 2450 reddituruS,
1906 2372 2063 2454 quia
2103 2370 2403 2438 descendi
2443 2370 2520 2435 de
2546 2369 2738 2453 coeIO,
2767 2369 2917 2458 aje-

717 2467 839 2536 bat
881 2460 1016 2563 (2).
1057 2491 1176 2533 non
1219 2485 1288 2533 ut
1319 2464 1579 2548 faciam
1618 2470 2029 2535 voluntatem
2071 2493 2309 2554 meam,
2349 2476 2471 2538 sed
2504 2473 2916 2539 voluntatem

715 2571 860 2661 ejus
907 2572 1017 2659 qui
1061 2572 1243 2637 misit
1290 2592 1385 2635 me
1415 2591 1509 2636 τετε
1555 2570 1715 2638 Haec
1756 2589 1853 2637 est
1904 2588 2120 2637 autem
2148 2574 2460 2640 voluntas
2493 2574 2773 2658 Patris,
2804 2575 2917 2661 qui

713 2676 904 2749 misit
944 2697 1043 2741 me
1070 2725 1092 2761 ,
1134 2690 1207 2742 ut
1260 2673 1501 2756 omnis,
1540 2677 1654 2762 qui
1693 2677 1880 2742 videt
1922 2674 2177 2742 Filium
2204 2725 2226 2760 ,
2277 2692 2343 2742 et
2388 2679 2606 2744 credit
2643 2679 2714 2743 in
2754 2700 2921 2768 eum,

715 2777 962 2848 habeat
1024 2777 1238 2842 vitam
1296 2794 1650 2863 aeternam,
1712 2791 1777 2842 et
1838 2798 1962 2867 ego
2022 2775 2433 2846 resuscitabo
2499 2800 2641 2846 eum
2690 2779 2763 2846 in
2805 2802 2920 2853 no·

715 2880 998 2947 vissimo
1058 2879 1194 2943 die.

819 2979 1096 3051 Conon.
1151 2978 1210 3047 Ι.
1319 2979 1561 3048 Liceat
1599 2975 1761 3046 hinc
1815 2977 2011 3046 nobis
2062 2979 2395 3048 nonnulla
2452 2982 2713 3053 ducere
2753 3008 2915 3057 con·

713 3088 1049 3171 sectas-ia,
1086 3106 1240 3176 quae
1280 3084 1537 3173 injuris
1575 3082 2037 3151 Ecclesiastici
2079 3084 2338 3171 publici
2372 3105 2739 3170 systemate
2784 3092 2914 3159 rite

713 3192 1209 3261 constituendo
1251 3191 1603 3279 permagni
1648 3207 1803 3257 sunt
1849 3209 2030 3256 usus.
2084 3185 2385 3255 Primum
2429 3188 2558 3257 hoc
2598 3204 2783 3256 esto:
2830 3189 2912 3259 fi-

715 3315 871 3366 nem
916 3295 1241 3365 Ecclesiae
1278 3291 1691 3362 Christianae
1736 3296 2200 3384 propositum,
2238 3292 2327 3358 ab
2366 3313 2488 3381 eo,
2537 3292 2731 3381 cujus
2770 3293 2914 3362 adi·

712 3401 1025 3490 piscendi
1066 3420 1268 3465 causa
1322 3400 1564 3466 civiles
1630 3401 1992 3465 societates
2045 3397 2505 3480 coaluerunt,
2554 3395 2911 3468 diversum

715 3523 860 3569 esse
919 3522 1189 3587 prorsus
1217 3523 1297 3567 ac
1336 3501 1798 3589 spiritualem,
1844 3499 1979 3567 fine
2016 3499 2705 3588 Rerumpublicarum
2741 3522 2914 3591 prae·

718 3605 1114 3671 stantiorem
1175 3604 1457 3693 quidem
1510 3627 1585 3671 ac
1643 3606 2075 3689 sanctiorem,
2118 3603 2392 3670 minime
2434 3624 2600 3670 vero
2641 3604 2753 3670 vel
2809 3604 2914 3672 al-

714 3719 939 3775 terum
982 3709 1179 3773 alteri
1234 3706 1726 3775 subordinatum
1794 3711 1903 3776 vel
1975 3708 2427 3777 contrarium:
2480 3727 2775 3796 quorum
2837 3706 2912 3773 il·

714 3808 840 3881 lud
880 3810 1330 3878 Bellarminus
1356 3812 1779 3903 disputabat,
1818 3812 1952 3882 hoc
1985 3812 2356 3883 effutiebat
2386 3828 2641 3886 temere
2669 3810 2906 3906 homo,

797 3957 900 4045 (1)
981 3960 1167 4036 Woff.
1201 3962 1346 4038 Jur.
1381 3975 1505 4022 nat.
1549 3977 1687 4026 tom.
1722 3966 1780 4029 8.
1814 3979 1938 4044 cap.
1971 3985 2029 4029 ι.
2058 3967 2117 4047 5.
2164 3982 2263 4046 ¹3·

793 4043 886 4124 (α)
962 4044 1149 4126 Joan.
1209 4044 1332 4107 VI.
1363 4045 1466 4124 38.
1498 4062 1601 4127 40.
