3275 4784
1248 308 1630 370 cal-tm·
1719 291 1912 369 v'u.
2465 303 2604 391 271

542 434 704 508 XII.
801 428 1121 506 Attende
1149 485 1174 526 ‚
1224 452 1302 507 ut
1342 437 1710 532 genuinam
1755 450 2008 527 semper
2072 429 2294 504 ideam
2351 430 2637 525 subjecti

446 562 624 631 aeque
661 560 738 609 ac
765 539 1133 630 praedicati
1155 570 1162 573 ·
1177 542 1660 635 propositionis
1710 556 1847 611 τηε
1882 538 2225 631 adquiras}
2272 538 2641 633 Compara-

453 645 694 714 tionem
730 665 890 713 ·vero
944 645 1292 735 utriusque
1332 648 1613 716 invicem
1652 665 1796 714 cum
1826 641 2096 734 judicio
2138 642 2448 712 institue.

354 746 358 749 ’
551 745 754 815 XIII.
862 746 1030 815 Noli
1048 798 1071 835 ‚
1122 749 1294 842 quod
1329 746 1645 817 hactenus
1679 746 1997 817 invaluit
2024 745 2316 838 passim,
2350 744 2647 838 credere,

450 849 786 918 eruditum
853 850 1133 941 denique
1190 873 1331 920 esse
1381 846 1576 920 illum
1603 901 1629 937 ,
1691 852 1807 940 qui
1857 849 2205 942 disputare
2265 847 2458 920 novit
2482 899 2508 941 ‚
2568 871 2650 921 ac

453 954 661 1044 longo
688 944 814 1037 filo
854 951 1055 1021 dubia
1090 970 1353 1025 nectere
1390 977 1530 1024 cum
1570 951 1921 1044 Sophistis
1948 975 1970 1020 τ
2010 952 2128 1019 sed
2160 954 2276 1041 qui
2327 973 2462 1022 suae
2499 954 2656 1045 opi-
2758 973 2763 984 ·

455 1056 673 1124 nionis
726 1071 1011 1149 systema
1061 1057 1467 1149 probabile,
1516 1078 1924 1141 connexum,
1976 1055 2474 1146 ordinatumque
2526 1058 2654 1125 ad·-

443 1154 655 1244 fert·
634 1209 658 1247 ‚
724 1181 843 1228 nec
907 1180 1029 1230 non
1070 1184 1286 1230 rerum
1343 1160 1519 1230 scitu
1573 1158 2091 1230 necessariarum
2136 1173 2338 1247 atque
2383 1160 2656 1229 utilium

460 1262 743 1330 indolem
771 1311 796 1349 ‚
839 1262 1235 1357 principia,
1271 1262 1601 1354 effectus,
1643 1284 1823 1332 usum
1849 1260 2310 1355 ,histor-iam,
2370 1259 2673 1352 etfata,

475 1366 690 1435 novit
700 1383 1054 1455 exponere
1998 1398 2002 1401 ⁴

621 1468 873 1555 Hanc,
912 1490 1018 1539 me
1057 1490 1389 1561 auctore,
1452 1467 1789 1544 rationem
1839 1468 2255 1541 studiorum
2266 1483 2665 1539 constanter

463 1570 753 1642 tenebis.
817 1567 1013 1663 Erit,
1078 1577 1207 1645 nisi
1259 1573 1519 1669 fallor,
1572 1576 1771 1646 brevi
1818 1573 2249 1664 admodum,
2297 1590 2378 1643 ut
2414 1571 2669 1663 displi-

470 1693 671 1744 ceant
710 1674 874 1744 libri
917 1677 1282 1767 permulti,
1320 1682 1393 1746 in
1435 1679 1692 1771 quibus
1716 1694 1858 1766 est,
1894 1696 2235 1767 nugarum
2263 1677 2372 1745 vis
2399 1676 2670 1767 ingene,

468 1778 801 1847 doctrinae
853 1780 1242 1870 solidioris,
1282 1805 1573 1873 quaeque
1612 1783 1933 1872 spiritum
1963 1801 2354 1870 canonum,
2395 1781 2515 1868 qui
2555 1794 2663 1847 est

471 1880 652 1950 idem
676 1882 962 1976 spiritus
989 1881 1322 1958 Ecclesiae
1343 1883 1796 1979 Christianae,
1823 1881 2083 1958 referat
2101 1934 2125 1977 ‚
2153 1885 2437 1956 omnino
2463 1879 2667 1953 nihil.

1338 2491 1813 2590 FINIS.
