3275 4784
667 244 808 321 116
1411 235 1839 336 {sca-io
1940 269 1995 321 1.

605 391 945 483 religione
1001 387 1290 481 populos
1327 386 1652 458 absolvit.
1691 388 1870 473 Quae
1908 390 2245 459 sententia
2285 411 2406 480 per
2447 389 2801 466 Occiden-

608 513 748 563 tem
786 495 1222 585 promulgata
1250 542 1274 581 ,
1309 509 1377 561 et
1419 510 1647 574 ortum
1687 514 1772 560 ex
1808 493 1930 561 illa
1968 492 2381 582 populorum
2437 497 2806 567 dissidium

607 615 1020 687 quantarum
1056 595 1309 665 deinde
1348 595 1814 663 calamitatum
1855 617 2062 665 causa
2100 597 2487 686 exstiterit,
2529 619 2665 667 non
2705 620 2809 671 est

609 722 740 769 cur
775 720 914 791 ego
952 698 1082 767 hoc
1120 700 1275 768 loco
1313 718 1859 767 commemorem.

718 803 976 873 Senot.
1083 801 1301 870 Multi
1355 819 1423 868 et
1478 794 1747 870 veteres
1796 816 1867 870 et
1921 804 2335 871 recentiores
2376 800 2465 871 de
2528 798 2811 877 funesto

615 902 752 976 hoc
789 907 1223 975 investiturae
1259 903 1446 974 bello
1483 906 1927 994 scripserunt.
1971 904 2300 993 Veteres,
2338 908 2457 995 qui
2486 927 2611 996 pro
2640 907 2817 978 Gre-

616 1010 822 1100 gorio
861 1025 1228 1093 steterant,
1268 1008 1626 1097 plerosque
1659 1005 2022 1074 Gretserus
2061 1007 2343 1098 collegit
2386 1010 2457 1075 in
2500 1012 2812 1103 apologia

603 1131 741 1204 pro
781 1110 1115 1204 Gregorio
1166 1110 1317 1178 VII.
1371 1131 1522 1199 quae
1558 1112 1810 1186 iterum
1850 1130 2135 1200 operum
2175 1112 2318 1200 ejus
2372 1127 2559 1181 tomo
2612 1133 2808 1185 sexto

618 1215 816 1285 illata
854 1231 982 1282 est.
1024 1212 1168 1299 Qui
1223 1214 1528 1281 Henrico
1593 1209 1979 1299 fabevant,
2042 1212 2418 1281 Goldastus
2467 1214 2692 1285 edidit
2743 1220 2812 1286 in

621 1314 971 1408 Replicat.
1025 1333 1259 1386 contra
1320 1313 1707 1384 Gretserum
1746 1332 1876 1405 pro
1926 1317 2215 1384 Henrico
2268 1315 2390 1383 IV.
2440 1317 2617 1386 Han.
2660 1342 2811 1391 ann.

628 1415 851 1491 1611.
893 1444 968 1507 4.
1009 1419 1069 1487 E
1115 1417 1614 1489 recentioribus
1656 1416 2071 1505 Schilterus,
2109 1418 2170 1484 Τ
2177 1417 2562 1512 homasiuS‚
2599 1418 2814 1494 Dith-

623 1542 851 1593 marus
875 1570 901 1615 ,
937 1522 1302 1613 NorisiuS,
1337 1520 1782 1609 MascoviuS,
1818 1522 2081 1591 consuli
2137 1539 2445 1613 possunt.

1530 1743 1590 1827 §-
1728 1738 1914 1810 xct.

1131 1939 1451 2013 Pactum
1509 1963 1668 2013 cum
1746 1938 2123 2015 Paschali
2184 1939 2305 2015 II.

781 2102 1116 2210 Edictum
1166 2136 1300 2211 hoc
1356 2142 1444 2211 de
1498 2139 1855 2210 abolendis
1917 2142 2344 2212 investituris
2409 2140 2653 2212 Victor
2692 2142 2817 2213 ΠΙ.

626 2246 748 2338 qui
789 2244 1122 2337 Gregorio
1174 2247 1246 2313 in
1288 2245 1704 2314 Pontificatu
1746 2247 2106 2334 successit,
2142 2245 2376 2337 paullo
2444 2264 2600 2315 ante
2654 2247 2815 2315 obi-

627 2366 776 2417 tum
820 2351 889 2417 in
925 2346 1246 2417 Concilio
1305 2349 1686 2417 Beneventi
1738 2372 1897 2418 ann.
1950 2349 2168 2438 1087.
2222 2347 2462 2417 habito
2504 2365 2818 2420 renovat.

626 2451 975 2518 Graviora
1036 2466 1332 2538 utroque
1396 2473 1600 2517 ausus
1669 2467 1769 2516 est
1836 2451 2140 2517 Urbanus
2202 2452 2289 2517 ΙΙ.
2356 2451 2536 2519 Nam
2606 2473 2820 2542 quum

626 2551 998 2643 Gregorius
1051 2551 1205 2617 VII.
1238 2571 1371 2617 non
1402 2552 1875 2617 investituram
1907 2551 1976 2616 in
2005 2553 2438 2639 universum,
2467 2555 2586 2618 sed
2629 2556 2809 2622 illud

629 2668 864 2722 tantus
919 2673 1134 2744 genus
1185 2654 1645 2740 investiturae,
1699 2652 1888 2741 quod
1933 2652 2162 2721 baculi
2199 2669 2267 2720 et
2321 2656 2554 2722 annuli
2595 2655 2825 2723 tradi-

629 2759 821 2826 tione
861 2755 1358 2846 peragebatur,
1396 2753 1867 2844 improbaret3
1909 2777 2033 2821 nec
2076 2756 2438 2844 impediret
2478 2758 2636 2846 ille,
2676 2781 2819 2847 quo

629 2862 854 2928 minus
884 2846 1209 2946 Episcopi
1238 2876 1306 2925 et
1333 2856 1641 2926 Abbates
1670 2856 2119 2949 jurejurando
2146 2858 2354 2927 fidem
2381 2858 2821 2950 Principibus

625 2964 766 3030 suis
804 2961 1318 3050 promitterent,
1357 2981 1732 3050 eorumque
1763 2984 1832 3030 se
1864 2961 2188 3029 vassallos
2216 2983 2293 3028 ac
2324 2963 2607 3031 clientes
2647 2987 2816 3054 pro-

626 3063 1029 3149 fiterentur,
1071 3078 1145 3130 ut
1176 3060 1217 3129 ὲ
1243 3063 1450 3135 Card.
1491 3064 1770 3131 Norisio
1808 3064 2351 3133 demonstratum
2379 3082 2477 3134 est
2507 3057 2658 3162 (1),
2696 3065 2811 3136 hic

628 3169 703 3234 in
732 3165 1088 3255 Concilio,
1111 3167 1297 3255 quod
1322 3167 1753 3236 Claromonti
1781 3187 1940 3235 ann.
1984 3190 2007 3235 1
2028 3188 2121 3258 09
2137 3191 2205 3254 5.
2232 3168 2611 3237 celebravit
2631 3219 2652 3255 ,
2683 3193 2821 3241 non

627 3271 1105 3340 investituram
1146 3288 1408 3339 tanturn
1455 3271 1796 3362 recipere,
1836 3268 1954 3339 secl
1990 3270 2219 3360 jurare
2257 3273 2466 3340 etiam
2503 3272 2574 3338 in
2604 3272 2818 3344 verba

630 3372 906 3463 Regum
947 3371 1306 3462 prohibuit
1335 3364 1470 3470 (2).
1501 3372 1665 3457 Qua
1715 3397 1789 3443 re
1828 3376 2370 3444 controversiam
2413 3394 2532 3462 per
2566 3395 2635 3441 se
2671 3376 2813 3464 jam

633 3479 796 3541 satis
835 3477 1121 3542 arduam
1162 3477 1378 3543 multo
1426 3477 1740 3544 reddidit
1779 3478 2327 3565 implicatiorem.
2367 3475 2631 3544 Eadem
2675 3478 2822 3546 Pa-

637 3575 891 3643 schalis
919 3576 1008 3644 11.
1038 3600 1227 3644 sensa
1270 3576 1595 3667 fuerunt,
1634 3579 1853 3647 donec
1892 3581 2219 3646 Henrt‘cus
2256 3579 2344 3645 V.
2385 3576 2622 3647 valido
2657 3602 2818 3651 cum

632 3679 941 3747 exercitu
981 3678 1249 3747 Italiam
1291 3684 1670 3775 ingressuS,
1700 3682 1838 3773 jam
1890 3683 2019 3774 ipsi
2059 3682 2462 3750 metuendus
2506 3681 2657 3749 urbi
2699 3686 2818 3754 im·

633 3782 950 3850 mineret.
989 3782 1169 3850 Tum
1216 3786 1399 3854 enim
1448 3806 1620 3858 vero
1673 3788 1855 3858 omni
1909 3808 1979 3859 se
2028 3783 2441 3858 destitutum
2493 3788 2815 3882 praesidio

712 3928 812 4096 ξιξ
893 3931 1013 3993 Cit.
1049 3945 1202 4007 oper.
1238 3948 1360 4012 cap.
1423 3956 1513 3998 10.

745 4033 775 4072 2
893 4013 1106 4076 Canon.
1159 4031 1253 4094 ις,
