3275 4784
694 256 739 308 2
1528 252 2034 307 SECTIOI·

652 397 890 466 topere
936 378 1201 445 intersit
1234 426 1253 461 ,
1307 396 1536 444 veram
1577 393 1808 445 tenere
1858 396 2064 467 atque
2119 377 2528 468 explicatam
2584 381 2919 461 Ecclesiae

649 480 1059 581 Christianae
1112 483 1496 571 notionem,
1537 503 1674 574 non
1716 500 1815 549 est
1856 503 1979 549 cur
2032 503 2313 570 operose
2375 482 2501 551 hoc
2571 488 2728 556 loco
2786 495 2916 562 de-

650 604 1084 675 monstretur.
1128 582 1287 673 Ego
1326 585 1602 673 quidem
1644 582 1828 652 certe
1876 608 2138 674 semper
2184 589 2250 652 in
2306 586 2431 653 hac
2486 584 2591 657 fui
2634 613 2919 670 senten-

653 692 790 775 tia,
831 706 898 756 et
935 676 1303 757 confirmor
1332 691 1399 754 in
1432 712 1508 756 ea
1540 690 1853 778 quotidie
1894 690 2149 777 magiS,
2192 712 2418 756 veram
2464 695 2911 768 ecclesiastici

642 792 850 880 juris,
890 794 1217 874 solidam,
1255 793 1705 880 omnibusque
1764 791 2109 859 hominum
2165 798 2565 863 commentis
2620 823 2907 872 vacuam

649 897 1115 984 cognitionem
1160 898 1445 984 adipisci
1494 918 1685 985 posse
1727 901 2100 983 neminem,
2154 900 2276 963 nisi
2321 901 2437 987 qui
2480 900 2734 969 divinae
2775 904 2905 973 hu-

640 999 752 1088 jus
801 1002 1104 1066 civitatis
1157 1003 1545 1087 originem,
1598 1022 1908 1088 causam,
1962 1001 2215 1085 finem,
2267 1022 2513 1068 nexum
2582 1025 2907 1093 praeterea

643 1096 1101 1169 membrorum
1166 1104 1989 1219 subordinationcmque,
2052 1121 2362 1171 naturam
2425 1127 2627 1194 porro
2695 1129 2904 1198 atque

647 1205 949 1270 indolem
998 1208 1262 1295 imperii
1306 1209 1513 1291 sacri,
1558 1203 1978 1295 formamque
2025 1210 2412 1294 regiminis,
2454 1207 2758 1276 habitum
2794 1215 2908 1281 de·

648 1309 857 1395 nique
905 1328 1210 1374 mutuum
1257 1332 1456 1375 sacrae
1488 1332 1562 1375 ac
1592 1312 1815 1378 civilis
1860 1314 2249 1399 potestatiS,
2291 1311 2672 1401 limitesque
2702 1312 2743 1380 a
2788 1340 2907 1404 pa-

647 1411 867 1476 tribus
910 1414 1252 1501 sapienter
1296 1415 1724 1501 designatOS,
1768 1432 2155 1503 perspectos
2187 1413 2399 1479 babet
2433 1432 2641 1504 atque
2670 1421 2900 1504 explo-

641 1533 828 1578 ratos
876 1520 1164 1600 penituS.
1214 1514 1329 1579 Est
1378 1516 1514 1580 baec
1547 1519 1756 1582 totius
1787 1521 2128 1583 canonicae
2168 1519 2465 1583 scientiae
2498 1521 2688 1586 velut
2718 1523 2898 1590 notio

642 1619 954 1703 quaedam
1012 1617 1391 1701 directrix,
1463 1621 1718 1707 injqua
1787 1621 2303 1685 determinanda
2356 1622 2408 1684 si
2475 1623 2644 1705 quid
2711 1645 2900 1690 erro-

643 1721 735 1783 ris
799 1721 1160 1784 admissum
1219 1728 1368 1802 est,
1421 1738 1540 1785 aut
1610 1722 1918 1808 ambigui
1987 1723 2297 1786 relictum
2357 1724 2669 1809 luminiS,
2741 1725 2890 1792 fieri

640 1818 958 1908 profecto
1000 1845 1137 1915 non
1190 1838 1409 1909 potest
1442 1873 1460 1906 ,
1512 1825 1676 1910 quin
1722 1826 1784 1890 in
1832 1827 1973 1913 ipso
2018 1825 2268 1890 deinde
2313 1845 2672 1913 progressu
2717 1828 2894 1899 doc-

637 1925 834 1990 trinae
900 1922 1272 1991 haereamus
1349 1946 1642 2013 persaepe
1711 1928 2020 2010 incerti,
2086 1924 2630 2015 et-pugnant‘is‘-
2660 1950 2891 1996 secum

637 2027 1016 2118 disciplinae
1097 2030 1428 2096 varietate
1521 2029 2072 2117 obscuritateque
2153 2030 2488 2118 impediti.
2558 2030 2893 2122 Exempla

638 2147 854 2199 testor
909 2149 1010 2200 tot
1074 2153 1381 2200 errorum
1427 2182 1449 2220 ,
1496 2140 1616 2199 'tot
1675 2134 2264 2223 praejudicatarum
2320 2134 2718 2219 opinionum
2776 2138 2889 2201 lu·-

640 2234 866 2304 dibria
903 2286 923 2319 ,
987 2259 1137 2325 quae
1207 2259 1335 2302 una
1394 2234 1534 2302 haec
1603 2258 1808 2305 causa
1860 2239 2175 2327 peperit,
2238 2256 2320 2302 ex
2373 2256 2508 2323 quo
2560 2238 2626 2300 in
2685 2234 2892 2302 scho‘-

643 2341 725 2406 lis
782 2340 1172 2405 Sanctorum
1227 2340 1510 2405 Patrem
1561 2341 1889 2403 sinceram
1946 2339 2425 2425 traditionem,
2462 2356 2528 2404 et
2571 2341 2889 2425 genuinae

635 2446 1000 2510 vetustatis
1030 2443 1392 2535 perspicua
1451 2440 1860 2504 documenta
1912 2444 2242 2526 coepimus
2297 2440 2663 2508 artificiosa
2715 2464 2892 2530 qua-

636 2544 793 2609 dam
850 2542 1262 2632 disputandi
1316 2540 1742 2628 subtilitate,
1797 2563 1929 2630 qua
1981 2543 2361 2624 vellemuS,
2400 2535 2706 2609 ducere·
2756 2565 2891 2611 non

634 2648 820 2736 quod
880 2669 999 2735 par
1064 2663 1258 2728 erat,
1314 2647 1593 2731 potiuS,
1660 2669 1795 2759 qua
1851 2646 1968 2711 illa
2035 2646 2415 2728 ducerent,
2468 2650 2707 2732 sequi.
2764 2669 2889 2735 pa-

632 2772 780 2816 rum
843 2749 1167 2811 videlicet
1235 2765 1563 2809 memores
1617 2748 1812 2831 ejuS,
1863 2746 2048 2827 quod
2101 2762 2201 2808 est
2252 2747 2574 2830 praeclare
2630 2767 2670 2810 a
2712 2749 2892 2815 Vm-

632 2850 848 2918 centio
906 2846 1245 2913 Lirinensi
1299 2845 1686 2932 traditum,
1743 2845 2092 2910 modestiae
2130 2866 2208 2907 ac
2268 2847 2628 2931 gravitatis
2665 2848 2887 2919 chris-

636 2955 837 3020 tianae
900 2949 1026 3017 boc
1094 2971 1234 3017 esse
1289 2944 1691 3037 proprium‘:
1736 2968 1856 3014 non
1905 2969 2021 3015 sua
2066 2949 2360 3035 posteris
2403 2950 2727 3041 tradere,
2775 2954 2890 3021 sed

630 3053 671 3122 ὰ
713 3055 1069 3146 majoribus
1109 3070 1380 3142 accepta
1427 3075 1728 3123 servare.
1797 3090 1800 3097 ν

736 3160 989 3229 δεΗοι.
1097 3150 1421 3225 Cetei-um
1501 3179 1702 3225 nemo
1755 3152 1797 3223 a
1853 3176 1958 3222 me
2021 3152 2154 3224 hoc
2217 3156 2372 3224 loco
2433 3159 2666 3245 exigat
2703 3205 2725 3242 ,
2779 3174 2884 3248 ut,

634 3288 785 3358 quae
831 3272 893 3331 in
938 3265 1260 3352 dogmate
1305 3262 1390 3329 de
1437 3260 1745 3329 Ecclesia
1798 3260 1884 3327 ab
1936 3261 2345 3328 adversariis
2385 3262 2880 3330 communionis

636 3387 901 3452 nostrae
920 3370 991 3433 in
1030 3369 1560 3433 controversiam
1599 3383 1728 3432 aut
1762 3367 1922 3434 olim
1965 3364 2267 3431 adducta
2307 3380 2501 3445 sunt,
2540 3380 2656 3427 aut
2701 3384 2882 3431 nunc

631 3474 839 3545 etiam
883 3469 1383 3556 adducuntur,
1434 3470 1788 3559 productis
1854 3468 2231 3535 rationibus
2289 3466 2603 3547 firmare,
2665 3480 2734 3530 et
2798 3465 2884 3533 ab

631 3572 872 3663 objetis
937 3578 1355 3662 argumentis
1429 3577 1783 3641 vindicare
1849 3574 2220 3639 instituam.
2283 3568 2446 3638 Non
2522 3574 2700 3634 enim
2767 3567 2881 3636 vel

617 3697 853 3745 metim
915 3697 1011 3744 est
1067 3679 1579 3769 disciplinarum
1629 3676 2006 3796 prudenter
2057 3674 2373 3742 definitos
2428 3672 2674 3739 limites
2725 3692 2886 3740 mo·-

611 3802 795 3853 Jere
853 3799 1104 3851 tenere
1140 3835 1162 3867 ,
1217 3786 1324 3850 tel
1368 3781 1585 3871 hujus
1634 3783 1933 3850 instituti
2003 3777 2511 3850 controversias
2568 3775 2655 3842 de
2719 3772 2878 3860 fide]

606 3883 828 3955 data
851 3904 1102 3971 opera,
1170 3887 1531 3969 illustrare.
1598 3887 1868 3955 Scilicet
1925 3888 2027 3951 lex
2089 3883 2431 3953 scribendi
2498 3879 2641 3949 baec
2713 3874 2895 3952 mihi

624 3992 990 4086 proponita.
1012 4007 1161 4063 est:
1204 3991 1444 4062 relicto
1482 3994 1839 4063 sanctioris
1878 3991 2254 4083 disciplinae
2284 3972 2650 4079 Magistris
2688 3981 2867 4072 dog-

1374 4173 1403 4183 ι,
