3275 4784
629 268 776 368 236
1341 286 1776 344 sncoexo
1873 290 1982 343 11.

1512 510 1553 599 ς
1640 504 1858 579 cxc,

1376 723 1471 800 In
1525 722 1750 799 rebus
1783 722 2003 799 aliisi

748 939 878 1008 His
918 936 1213 1027 demptis
1253 934 1419 1004 fidei
1461 934 1799 1025 negotiiS,
1835 934 1907 1003 in
1946 936 2193 1005 ceteris
2232 955 2371 1008 non
2409 937 2615 1011 debet
2643 965 2787 1014 esse

592 1058 783 1112 tanta
823 1044 1028 1111 etiam
1073 1041 1127 1108 S
1130 1057 1466 1109 anctorum
1494 1040 1906 1126 auctoritem,
1945 1055 2023 1108 ut
2053 1061 2187 1108 non
2220 1041 2424 1111 liceat
2454 1065 2795 1115 nonnum·

595 1168 801 1236 quam
837 1144 925 1214 ab
964 1147 1062 1214 eis
1092 1195 1114 1234 ‚
1153 1166 1289 1236 qua
1329 1164 1450 1234 par
1485 1159 1588 1210 est
1616 1192 1641 1231 ,
1680 1141 2012 1213 modestia
2052 1140 2282 1213 facere
2321 1150 2797 1239 secessionem,

599 1253 655 1319 si
693 1248 972 1339 quando
1007 1249 1239 1337 junior
1279 1267 1440 1317 aetas
1481 1244 1879 1313 melioribus
1920 1246 2255 1316 instructa
2294 1250 2616 1326 subsidiis
2660 1274 2796 1320 no·-

600 1354 782 1423 verit
825 1354 1115 1420 rectiora
1158 1342 1278 1447 (§.
1316 1340 1919 1442 CLXXXVIII.)
1975 1348 2226 1439 Neque
2287 1354 2471 1421 enim
2519 1357 2796 1445 antiqua

604 1455 1000 1524 Sanctorum
1077 1453 1363 1522 Patrum
1432 1454 1759 1519 consensio
1808 1453 1876 1517 in
1941 1453 2227 1522 omnibus
2304 1457 2555 1524 divinae
2618 1461 2797 1550 legis

601 1559 1148 1649 quaestiunculis,
1200 1561 1319 1623 sed
1352 1558 1554 1623 solum
1605 1572 1790 1624 certe
1831 1557 2168 1645 praecipue
2222 1559 2291 1625 in
2326 1551 2494 1641 fidei
2548 1564 2799 1653 'regula

598 1685 838 1755 magno
876 1662 1061 1730 nobis
1100 1660 1322 1727 studio
1362 1673 1430 1726 et
1471 1658 1952 1749 investiganda
1993 1655 2147 1748 επ.
2187 1676 2252 1728 et
2296 1664 2616 1750 sequenda
2651 1654 2796 1760 (1).

600 1763 807 1834 Unde
849 1765 936 1831 de
978 1786 1046 1830 se
1087 1762 1567 1853 Augustinus:
1609 1758 1765 1849 Ego
1805 1760 2007 1848 solis,
2048 1766 2274 1852 inquit
2302 1813 2326 1853 ,
2365 1767 2465 1831 eis
2507 1767 2800 1857 scriptu-

603 1889 827 1937 rarum
883 1866 1120 1952 libris,
1167 1866 1281 1954 qui
1310 1865 1452 1955 jam
1504 1861 1801 1931 canonici
1838 1865 2265 1954 appellantur
2296 1916 2320 1955 ,
2371 1868 2582 1936 didici
2626 1868 2799 1939 hunc

605 1973 905 2039 timorem
970 1969 1398 2057 honoremque
1434 1962 1743 2050 deferreg
1798 1980 1868 2032 ut
1912 1968 2157 2036 nullum
2205 1991 2422 2038 eorum
2461 1988 2791 2041 auctorem

605 2074 948 2145 scribendo
1012 2072 1277 2160 aliquid
1327 2091 1588 2139 errasse
1629 2062 2024 2158 firmissime
2077 2073 2359 2141 credam.
2407 2073 2521 2141 Ac
2559 2077 2617 2141 si
2656 2074 2800 2144 ali-

605 2177 771 2268 quid
806 2179 876 2245 in
915 2175 1012 2245 eis
1066 2173 1396 2260 offendero
1437 2175 1702 2243 litteris
1729 2222 1752 2261 ‚
1804 2175 1976 2262 quod
2033 2176 2349 2244 videatur
2398 2180 2803 2247 contrarium

607 2282 952 2368 veritati,
990 2278 1172 2349 nihil
1217 2279 1442 2368 aliud,
1492 2300 1681 2368 quam
1732 2278 1846 2345 vel
1883 2278 2242 2347 mendosum
2307 2301 2444 2349 esse
2494 2282 2803 2371 codicem,

605 2389 723 2454 vel
782 2387 1215 2473 interpretem
1275 2406 1397 2451 non
1446 2384 1874 2470 adsequatum
1928 2403 2117 2469 esse,
2170 2383 2341 2472 quod
2375 2384 2623 2453 dictum
2672 2400 2803 2473 est,

605 2489 722 2556 vel
754 2509 851 2553 me
888 2487 1150 2554 minime
1189 2485 1611 2574 intellexisse
1651 2504 1775 2548 non
1817 2482 2174 2573 ambigam.
2216 2486 2422 2554 Alios
2450 2503 2666 2556 autem
2694 2487 2801 2556 ita

605 2591 763 2682 lego
789 2638 814 2678 ,
853 2602 928 2655 ut
968 2585 1390 2675 quantalibet
1440 2585 1813 2653 sanctitate
1861 2583 2292 2674 doctrinaque
2333 2592 2805 2679 praepolleant,

606 2716 730 2762 non
790 2692 936 2760 ideo
974 2711 1198 2757 verum
1224 2703 1494 2777 putem,
1530 2687 1691 2773 quia
1729 2686 1863 2775 ipsi
1901 2686 2007 2753 ita
2047 2709 2389 2756 senserunt
2422 2742 2444 2770 ‚
2481 2693 2601 2757 sed
2642 2694 2800 2779 quia

604 2794 777 2865 mihi
801 2795 915 2863 vel
927 2811 1054 2882 per
1077 2793 1237 2859 illos
1260 2807 1564 2859 auctores
1591 2789 1967 2872 canonicos,
2010 2790 2121 2854 vel
2135 2790 2478 2877 probabili
2508 2794 2797 2881 ratione,

608 2897 780 2985 quod
839 2895 881 2962 ὰ
939 2916 1099 2962 vero
1157 2915 1278 2961 non
1351 2889 1710 2959 abhorreat
1736 2938 1761 2978 ,
1815 2889 2222 2978 persuadere
2269 2909 2659 2982 potuerunt.
2722 2896 2796 2964 In

610 2997 845 3090 Epist.
894 3018 1010 3092 19.
1051 2998 1140 3068 ad
1185 2998 1570 3089 Hieronym.
1610 2994 1790 3063 alias
1834 2992 1957 3061 82.
1997 3011 2145 3086 cap.
2198 3018 2261 3064 1.
2300 3019 2365 3064 n.
2412 3017 2481 3086 3.

1478 3200 1542 3283 §·
1646 3188 1898 3265 cxc1.

1196 3411 1337 3486 An
1389 3414 1680 3486 certior
1741 3406 2206 3503 Pontificia3

767 3614 867 3688 Ut
928 3615 1001 3687 hi
1051 3634 1331 3706 autem,
1383 3619 1503 3708 qui
1566 3617 1952 3709 Augustini
2016 3612 2437 3685 moderatam
2490 3611 2668 3685 hanc
2718 3618 2794 3688 in

603 3719 983 3817 judicando
1035 3723 1421 3792 libertatem
1461 3722 1765 3789 modeste
1806 3736 2138 3809 usurpant
2171 3768 2193 3805 ‚
2235 3718 2424 3786 nulla
2452 3717 2651 3810 digni
2692 3741 2798 3789 re·

611 3825 1065 3920 prehensione
1104 3826 1470 3894 videntur:
1510 3826 1607 3892 ita
1646 3823 1767 3890 odi
1807 3824 2264 3891 temeritatem
2303 3820 2552 3890 scholae
2588 3824 2660 3891 in
2688 3845 2805 3891 ne·

604 3930 933 4025 gligenda
975 3930 1251 3997 Patrum
1301 3929 1740 3996 auctoritate.
1796 3925 2141 4017 Largiar,
2180 3924 2299 3994 ubi
2361 3925 2449 3998 de
2501 3928 2787 4021 negotio

688 4048 785 4133 (1)
867 4049 1217 4116 Vincentius
1247 4050 1579 4112 Lirinensis
1615 4048 1679 4108 in
1726 4048 2048 4111 commouit.
2079 4050 2132 4127 §.
2172 4049 2271 4109 28.
