3275 4784
654 268 753 343 44
1423 263 1806 320 sEcrlo
1919 266 1973 319 1.

606 409 676 460 et
716 384 1151 479 hujusmodi,
1194 388 1339 478 ipso
1381 384 1728 456 Schiltero
1761 387 2036 479 judice,
2079 404 2154 457 ut
2198 409 2433 480 parum
2473 389 2638 461 fidei
2673 415 2804 465 me·

612 497 749 562 reri
797 494 1194 560 videantur.

716 595 974 663 ScHoL.
1083 593 1254 665 Vid.
1295 592 1547 661 Shilter
1600 596 1680 662 de
1733 593 1929 662 libre.
1977 592 2237 663 Eccles.
2291 594 2611 667 German.
2661 600 2802 670 Li-

602 698 779 767 bert.
827 720 894 764 2.
943 716 1087 789 cap.
1141 719 1254 766 12.
1296 700 1356 782 §.
1405 695 1517 765 16.
1559 714 1629 766 et
1664 700 1928 765 Auctor
1956 714 2241 767 tractat.
2276 696 2794 796 defontib.jur.

605 826 757 870 can.
800 800 1027 869 Germ.
1069 804 1128 887 §.
1174 797 1244 867 6.
1278 820 1445 891 pag.
1490 822 1609 868 20.
1650 799 1979 871 Codicem
2022 802 2332 870 oblatum
2361 801 2618 873 Carolo
2647 808 2799 875 edi-

614 907 720 973 dit
753 907 1116 973 novissime
1144 926 1230 973 ex
1264 904 1696 972 Bibliotheca
1726 904 2287 995 Metropolitanae
2314 906 2642 977 Ecclesiae
2668 908 2811 979 Co·

613 1009 940 1077 loniensis
983 1007 1324 1099 Josephus
1367 1007 1743 1075 Harzheim
1783 1022 1937 1075 tom.
1993 1031 2052 1073 1.
2097 1009 2302 1076 Conci
2311 1010 2357 1075 l.
2387 1008 2696 1079 German.
2721 1032 2802 1103 p.

628 1136 655 1178 1
682 1133 713 1197 3
734 1134 799 1179 1.
843 1133 878 1178 2
897 1133 931 1198 3
951 1135 1013 1198 5.
1053 1128 1416 1200 monetque
1460 1110 1719 1178 ibidem
1750 1111 2182 1179 doctissimus
2209 1113 2478 1200 editor,
2503 1115 2801 1184 eundem

618 1216 827 1282 istum
868 1213 1202 1283 Codicem
1243 1217 1314 1282 in
1356 1236 1482 1283 usu
1525 1211 1740 1282 fuisse
1785 1216 1851 1282 in
1910 1216 2201 1303 imperio
2237 1212 2472 1282 Caroli
2524 1219 2809 1287 sitarum

615 1317 1092 1387 Ecclesiarum
1153 1316 1575 1404 Germanice,
1627 1319 1888 1386 scilicet
1944 1316 2243 1404 Βαυανί,
2297 1317 2578 1407 Norici,
2627 1319 2801 1390 Bel·-

607 1423 769 1512 gii,
809 1419 1092 1490 Gallice:
1150 1423 1339 1511 quod
1393 1442 1677 1508 mone0‚
1732 1439 1808 1488 ut
1864 1418 2129 1488 fontem
2181 1422 2481 1509 aperiam
2533 1426 2804 1513 antiqui

610 1525 822 1617 j-uriS,
863 1547 1000 1614 quo
1044 1527 1110 1591 in
1152 1526 1360 1591 sacris
1411 1547 1532 1592 usa
1586 1542 1686 1591 est
1743 1526 1962 1613 patria
2015 1545 2185 1591 mea.
2243 1523 2350 1591 De
2405 1523 2804 1615 Marculphi

619 1630 917 1716 antiquis
947 1625 1258 1694 formulis
1288 1647 1425 1694 uno
1456 1626 1669 1693 verbo
1699 1648 1980 1712 moneo,
2008 1647 2122 1694 eas
2149 1627 2412 1716 negligi
2446 1647 2580 1695 non
2609 1650 2810 1720 opor-

620 1746 767 1798 tere
810 1730 894 1796 ab
936 1732 1058 1818 iis,
1098 1732 1216 1820 qui
1259 1732 1573 1818 antiquos
1614 1751 1832 1796 mores
1873 1730 2322 1819 investigant.
2364 1728 2533 1798 Vid.
2571 1732 2805 1800 Nata-

619 1834 705 1900 lis
751 1833 1141 1900 Alexander
1181 1832 1352 1899 Saec.
1395 1832 1547 1898 VII.
1584 1851 1729 1921 cap.
1772 1857 1852 1919 4.
1894 1847 2031 1901 art.
2090 1852 2163 1924 9.
2226 1849 2293 1900 et
2344 1831 2669 1926 Sylburg.
2722 1836 2815 1905 ad

626 1936 903 2006 Heinec.
938 1935 1188 2008 histor.
1230 1932 1406 2038 Jur.
1447 1934 1665 2010 Civil.
1709 1936 1830 2009 lib.
1872 1957 1941 2008 2.
1982 1939 2042 2027 §.
2092 1957 2209 2028 32.
2249 1937 2318 2004 in
2353 1952 2497 2007 not.

1411 2143 1478 2226 ς.
1609 2136 2032 2209 XXXIV.

1098 2352 1363 2429 Codex
1417 2353 1800 2428 Ecclesiae
1858 2352 2348 2450 Anglicance.

732 2556 894 2629 Una
932 2558 1131 2628 nobis
1173 2560 1244 2627 in
1272 2556 1635 2630 occidente
1665 2575 1873 2629 restat
1903 2558 2213 2628 Ecclesia
2247 2562 2626 2653 Anglicana
2649 2613 2670 2650 .‚
2698 2585 2815 2633 cu·

624 2664 732 2756 }us
766 2663 1208 2732 memorabile
1248 2660 1636 2732 Concilium
1674 2681 1774 2731 est
1811 2663 2230 2732 celebratum
2272 2687 2452 2736 anno
2489 2670 2698 2735 tertio
2731 2688 2813 2734 ac

640 2769 1146 2858 septuagesimo
1193 2767 1462 2855 septimi
1519 2767 1747 2833 saeculi
1802 2762 2225 2849 Herefordiae
2261 2764 2302 2834 ὲ
2341 2766 2813 2837 Cantuarien-

640 2873 695 2937 si
741 2869 1285 2958 Archiepiscopo
1324 2866 1671 2936 Theodoro
1711 2871 1864 2936 viro
1899 2868 2047 2959 ‘ejus
2083 2872 2301 2938 aetatis
2345 2870 2819 2939 ceieberrimO.

644 2971 755 3038 De
823 2970 953 3038 boc
1015 2974 1109 3038 sic
1159 2970 1343 3037 Beda
1396 2992 1749 3062 personam
1810 2992 2026 3062 agens
2074 2969 2435 3040 Theodori:
2486 2973 2825 3062 Quumque

644 3075 1006 3163 explessem
1035 3075 1594 3164 prolocutionem,
1624 3076 2050 3166 interrogavi
2079 3099 2572 3164 unumquemque
2609 3097 2826 3142 eorum

645 3166 1238 3272 (Episcoporum)
1266 3196 1393 3268 per
1433 3178 1761 3266 ordinem,
1804 3183 1864 3245 si
1905 3180 2389 3265 consentirent,
2429 3200 2542 3263 ea,
2594 3200 2735 3266 quae
2782 3176 2822 3244 ἃ

643 3278 970 3347 Patribus
1013 3281 1315 3347 canonice
1356 3296 1504 3347 sunt
1545 3279 1921 3369 antiquitz'ts
1957 3281 2264 3367 decreta,
2292 3279 2663 3348 custodire?
2702 3279 2828 3347 Ad

646 3385 817 3471 quod
881 3404 1090 3451 omnes
1154 3385 1645 3451 consacerdotes
1697 3384 1914 3451 nostri
1968 3385 2428 3471 respondentes
2479 3385 2825 3448 dixerunt:

648 3484 918 3573 Optime
976 3484 1261 3553 omnibus
1313 3488 1542 3575 placet
1571 3534 1595 3572 9
1657 3507 1922 3573 quaeque
1984 3478 2380 3567 definierunt
2452 3498 2826 3551 sanctorum

645 3584 933 3654 Petrum
995 3610 1315 3677 canones,
1365 3610 1475 3654 nos
1529 3609 1775 3675 quoque
1837 3587 2053 3654 alacri
2111 3588 2328 3654 animo
2388 3584 2827 3653 libentissime

649 3711 944 3758 servare.
980 3691 1242 3780 ,Quibus
1280 3687 1516 3757 statim
1547 3690 1811 3779 protuli
1850 3691 2113 3757 eundem
2149 3687 2436 3755 Librum
2463 3705 2828 3776 canonum,

633 3808 705 3858 et
741 3815 827 3860 ex
863 3796 1080 3861 eodem
1115 3792 1287 3861 libro
1325 3793 1537 3858 decem
1577 3793 1879 3881 capitula
1905 3840 1929 3878 ‚
1984 3814 2126 3879 quae
2160 3807 2289 3879 per
2342 3790 2483 3857 loca
2530 3796 2819 3857 notave·-

630 3918 814 3981 ram,
875 3897 1029 3984 quia
1089 3894 1372 3961 maxime
1433 3885 1623 3961 nobis
1687 3895 2057 3962 necessaria
2123 3890 2404 3963 sciebam
2460 3881 2627 3991 (1).
2687 3890 2820 3964 Sed

711 4010 811 4094 (ι)
890 4015 1023 4073 Lib.
1060 4018 1115 4072 6.
1151 4012 1385 4077 Hister.
1415 4012 1654 4075 Eccles.
1683 4028 1812 4089 cup.
1850 4028 1906 4089 ς.
