3275 4784
732 214 830 308 64
1461 227 1921 281 ·sECT10
2017 230 2073 277 L

677 357 949 428 absunt.
1017 351 1201 423 Nam
1249 354 1477 424 oratio
1530 351 1808 443 quidem
1859 372 1938 419 ac
1993 347 2212 437 stylus
2251 373 2407 422 cum
2462 355 2543 423 iis
2597 359 2868 448 penitus

685 462 1038 551 congruit.
1080 456 1212 525 Sed
1252 457 1341 526 de
1383 456 1491 526 his
1527 455 1851 546 capitulis
1890 457 2213 545 quoniam
2252 458 2418 525 alibi
2459 461 2719 528 dictum
2762 480 2862 531 est

688 566 851 633 satis
898 555 931 659 (
956 566 1016 648 §.
1069 552 1462 658 XXXII.).,
1515 559 1690 627 nihil
1741 558 1874 627 hoc
1928 560 2083 627 loco
2129 559 2472 651 adjiciam.
2521 564 2863 632 Omittere

681 683 911 735 autem
976 686 1113 733 non
1178 662 1390 733 debui
1445 664 1783 752 insignem
1832 679 1902 731 et
1954 684 2106 752 quae
2156 664 2244 729 ad
2312 682 2610 733 veterem
2666 665 2856 735 Ger-

684 772 927 836 maniae
1002 786 1207 857 atque
1286 770 1496 835 etiam
1571 766 1950 855 Hungariae
2021 786 2185 833 meae
2254 767 2683 856 disciplinam
2725 785 2869 839 tam

684 871 1035 963 publicam
1050 892 1253 961 quam
1284 873 1621 962 privatam
1640 868 2148 956 illustrandam,
2176 867 2586 960 Regumque
2606 892 2867 941 nostro·

679 995 831 1044 rum
860 977 1043 1043 circa
1069 995 1258 1043 sacra
1286 989 1696 1066 potestatem
1723 993 1878 1042 cum
1903 973 2138 1063 primis
2168 969 2337 1039 facit
2363 974 2861 1064 Capitularium

685 1077 1183 1148 Collectionem.
1212 1076 1430 1147 Erant
1459 1072 1890 1165 Capitularia
1930 1077 2118 1167 leges
2159 1072 2200 1143 a
2226 1075 2535 1167 Regibus
2563 1078 2864 1147 Franco-

687 1202 836 1249 rum
879 1184 949 1249 in
987 1183 1284 1249 comitiis
1323 1182 1434 1251 vel
1476 1178 1808 1269 SynodiS‚
1849 1180 2428 1248 consentientibus
2465 1180 2691 1270 Regni
2721 1181 2862 1249 Or-

686 1284 1004 1372 dinibuS,
1043 1285 1247 1353 editae
1284 1284 1372 1352 de
1414 1284 1711 1375 negotiis
1750 1284 1894 1350 sive
1934 1280 2244 1372 profanis
2272 1285 2414 1349 sive
2443 1285 2863 1351 ecclesiasti-

685 1390 782 1453 cis
822 1378 959 1484 (1).
1000 1388 1261 1456 Harum
1306 1387 1539 1481 legum
1578 1387 1902 1454 collectio
1943 1388 2156 1475 prima
2190 1384 2280 1452 ad
2323 1410 2468 1453 ann.
2506 1386 2673 1473 827.
2705 1407 2863 1477 per-

696 1492 869 1558 tinet
924 1490 1011 1557 ab
1061 1491 1453 1582 Ansegiso,
1519 1512 1656 1559 non
1707 1488 2074 1557 Senonensi
2130 1487 2670 1579 Archiepiscopo
2738 1512 2862 1559 nec

694 1593 968 1660 Abbate
1012 1593 1337 1663 Lobiensi
1362 1644 1383 1680 ‚
1423 1593 1544 1662 sed
1583 1594 2002 1661 Fontallensi
2043 1590 2361 1661 confecta
2402 1583 2513 1688 (2)
2540 1615 2626 1660 ex
2653 1591 2866 1662 Caro-

692 1696 750 1763 li
793 1696 901 1761 M.
947 1718 1024 1763 ac
1065 1694 1392 1764 Ludovici
1428 1696 2061 1765 constitutionibuS.
2104 1697 2500 1765 Auctoritas
2541 1696 2696 1785 ejus*
2724 1719 2862 1785 pu·-

692 1797 870 1865 blica
902 1794 1078 1887 fuit,
1104 1800 1596 1890 constabatque
1624 1798 1816 1867 libris
1844 1817 2142 1888 quatuor
2168 1789 2200 1895 (
2212 1790 2307 1895 3).
2328 1800 2471 1866 Hos
2500 1798 2752 1866 deinde
2781 1800 2862 1866 li—

686 1898 846 1968 bros
888 1902 1104 1968 tribus
1144 1904 1296 1970 aliis
1349 1926 1497 1970 ann.
1544 1903 1715 1988 845.
1755 1901 2153 1969 Benedictus
2194 1902 2446 1969 Levita
2484 1902 2860 1990 Mogunti-

686 2023 817 2070 nus
858 2005 1052 2072 auxit
1095 2006 1548 2095 Ansegisiano
1587 2002 1836 2074 Codici
1888 2005 1984 2071 ita
2030 2005 2281 2093 junctis
2311 2054 2332 2091 ‚
2386 2020 2462 2071 ut
2517 2008 2859 2094 quintum,

687 2121 956 2173 sextum
998 2124 1069 2175 et
1106 2110 1469 2197 septimum
1505 2107 1934 2176 collectionis
1974 2104 2011 2174 ὲ
2051 2107 2319 2175 duabus
2360 2111 2750 2198 compositae
2777 2108 2863 2174 li-

679 2207 884 2278 brum
909 2206 1487 2303 efficiant.Atque
1516 2210 1622 2279 his
1650 2212 1857 2279 etiam
1885 2213 2179 2278 numeris
2207 2211 2292 2277 ab
2321 2213 2617 2300 antiquis
2646 2211 2847 2299 scrip-

693 2314 961 2383 toribus
1008 2317 1348 2404 citantur,
1401 2336 1813 2405 quamquam
1866 2313 1997 2383 hoc
2050 2331 2455 2404 perpetuum
2508 2332 2644 2409 non
2685 2335 2861 2402 esse,

691 2413 1033 2483 Baluziur
1059 2417 1304 2484 doceat
1332 2409 1469 2509 (4).
1488 2418 1825 2483 Ordinem
1863 2419 1933 2481 in
1960 2439 2038 2482 ea
2069 2417 2406 2482 Antonius
2432 2414 2864 2506 Augustinus

690 2516 1041 2583 meliorem
1082 2516 1428 2583 desiderat
1456 2507 1593 2610 (5):
1623 2515 1959 2583 Ordinem
1998 2517 2198 2583 simul
2225 2538 2300 2582 ac
2331 2516 2675 2584 delectum
2703 2518 2870 2586 Con-

686 2617 847 2711 ring
881 2609 1021 2717 (6).
1060 2618 1243 2687 Nam
1273 2640 1398 2686 nec
1439 2619 1526 2686 ab
1554 2618 1804 2689 Isidori
1858 2617 2033 2686 fictis
2060 2619 2485 2687 documentis
2513 2618 2642 2686 sibi
2672 2623 2862 2689 cavit

691 2722 1140 2813 compilator,
1178 2723 1305 2790 etsi
1346 2717 1386 2788 a
1426 2722 1617 2790 malae
1658 2722 1822 2790 fidei
1863 2723 2254 2811 suspicione
2319 2722 2615 2790 alienum
2669 2723 2866 2791 arbi-

696 2841 839 2895 trer
901 2816 1039 2922 (7).
1103 2825 1557 2892 Accesserunt
1620 2822 1728 2891 his
1791 2839 2132 2916 postremo
2197 2823 2638 2895 Additionum
2700 2826 2864 2895 libri

699 2942 998 3018 quatuor
1036 2929 1300 2996 incerto
1341 2943 1650 2997 auctore.

796 3030 1054 3100 Senot„
1160 3031 1319 3099 Post
1378 3032 1728 3099 restitutas
1782 3029 2045 3099 litteras
2096 3032 2407 3101 meliores
2469 3034 2722 3122 primus
2775 3033 2868 3103 de

686 3126 1205 3224 Capitularibus
1243 3134 1684 3203 restituendis
1724 3133 2061 3205 sollicitus
2098 3132 2237 3206 fuit
2267 3137 2566 3214 Joannes
2591 3134 2864 3205 Tibius:

689 3234 943 3305 deinde
993 3236 1235 3306 Petrus
1285 3236 1616 3307 Pithoeus
1653 3260 1732 3306 ac
1785 3237 2204 3307 Sir-mondus·
2257 3239 2602 3308 Postrema
2649 3259 2867 3326 eaque

688 3338 1240 3410 emendatissima
1278 3341 1499 3409 editio
1538 3360 1646 3410 est,
1679 3339 1914 3432 Steph.
1952 3341 2264 3430 Baluzii,
2309 3340 2397 3410 de
2449 3363 2623 3431 qua,
2664 3356 2740 3407 ut
2786 3358 2858 3409 et

773 3488 867 3570 (ι)
951 3489 1088 3550 Vici.
1124 3491 1327 3567 Steph.
1364 3493 1574 3550 Baluz.
1605 3490 1845 3565 praefat.
1879 3492 1957 3546 ad
1986 3489 2237 3561 Cczpz‘tul.
2275 3491 2327 3564 §.
2366 3509 2419 3547 2.
2457 3507 2604 3565 seqq.

802 3591 835 3628 2
948 3573 1157 3631 Baluz.
1192 3574 1295 3629 cit.
1331 3571 1433 3629 loc.
1469 3574 1520 3648 §.
1558 3590 1656 3649 39.
1690 3571 1965 3628 Heinecc.
2002 3570 2169 3627 Hist.
2205 3570 2345 3644 Jur.
2382 3567 2507 3629 Civ.
2545 3570 2596 3644 §.
2636 3584 2734 3645 39.

803 3672 837 3727 3
952 3653 1016 3709 E
1021 3667 1158 3727 spen
1189 3653 1422 3709 dissert.
1461 3654 1531 3708 de
1566 3650 1822 3726 capitul.
1850 3651 2004 3727 Reg.
2044 3648 2309 3711 Francor.
2344 3650 2396 3725 §.
2429 3666 2487 3724 4.

801 3750 842 3805 4
956 3731 1138 3790 Citat.
1189 3732 1292 3788 loe.
1349 3734 1400 3807 §.
1453 3751 1548 3810 47.

806 3827 837 3884 5
953 3810 1049 3866 De
1099 3810 1349 3867 Emend.
1386 3808 1673 3870 Gratian.
1714 3810 1815 3868 lib.
1855 3828 1908 3865 2.
1945 3807 2088 3865 dial.
2129 3827 2215 3867 10.

704 3910 709 3914 ·
771 3892 835 3964 (6
948 3889 1043 3945 De
1076 3886 1239 3967 Orig.
1274 3891 1418 3964 Jur.
1456 3889 1648 3951 Germ.
1680 3902 1804 3962 cap.
1863 3907 1954 3966 17.

779 3971 838 4051 (7
953 3967 1229 4032 Heinecc.
1260 3970 1363 4029 lib.
1403 3989 1452 4031 α.
1479 3985 1627 4049 pag.
1675 3971 1815 4048 769·
1892 4037 1899 4039 -
