3275 4784
699 257 837 333 188
1483 268 2038 326 813011011.»

637 404 727 472 de
772 402 1012 470 Marca
1062 401 1133 468 in
1173 420 1380 492 opere
1419 399 1785 468 immortali
1828 398 1906 465 de
1947 390 2242 464 concord.
2286 396 2540 467 sacerd.
2587 414 2659 468 et
2701 403 2836 473 inu

631 507 822 600 perii
886 506 1005 573 lib.
1068 528 1130 591 3.
1171 524 1312 595 cap.
1354 525 1422 596 9.
1467 507 1524 588 §.
1573 503 1640 569 8.
1681 501 1992 570 Ceterum
2026 552 2048 589 ,
2089 501 2364 586 scribit,
2401 505 2537 570 etsi
2565 501 2843 589 formu-

647 615 730 678 lae
761 611 1324 701 pragmaticorum
1367 601 1895 686 satisfecerimus
1926 656 1951 694 ,
2010 605 2532 697 privilegiorum
2574 614 2849 678 mentio·

644 739 724 782 ne
762 715 1054 802 injecta,
1103 713 1427 781 sincerior
1468 709 1645 779 mihi
1685 707 2135 780 videturhaec
2174 711 2599 799 respondendi
2638 717 2844 804 rotie,

647 820 709 886 si
748 840 919 886 mero
967 815 1117 904 jure
1162 819 1359 904 regio
1400 818 1470 883 in
1511 814 1720 882 certis
1781 815 2146 902 articulis
2185 815 2254 879 in
2297 815 2459 880 aliis
2499 839 2656 884 vero
2692 819 2841 909 jure
2939 902 2945 909 ¹

648 922 1015 1013 patrocinii
1057 936 1124 987 et
1172 920 1487 988 tuitionis
1518 917 1872 1007 Principes
1903 919 1992 985 ad
2027 939 2094 984 se
2135 939 2324 1006 quam
2356 919 2656 1007 plurima
2696 921 2848 991 olim

647 1027 945 1094 traxisse
994 1025 1337 1111 dicamus,
1389 1046 1534 1113 quae
1586 1020 1626 1089 a
1671 1025 1931 1089 summis
1985 1014 2424 1104 Pontificibus
2465 1026 2849 1112 perstricta

649 1153 772 1199 non
841 1143 1045 1215 sunt3
1099 1128 1181 1196 ab
1245 1129 1389 1195 illis
1458 1127 1691 1194 deinde
1769 1128 2111 1213 aliquanto
2184 1141 2472 1214 tempore
2535 1151 2853 1218 cessasse,

652 1255 845 1322 quum
911 1233 1101 1300 novis
1174 1233 1463 1299 decretis
1532 1247 1681 1298 sunt
1750 1232 2022 1297 vetita:
2090 1251 2354 1318 quorum
2415 1232 2861 1326 cognitionem¹

654 1339 899 1413 iterum
961 1339 1433 1427 resumpserint
1502 1336 1590 1401 ad
1647 1335 2123 1423 procurandam
2197 1355 2549 1424 regnorum
2598 1357 2857 1405 suorum

660 1443 1000 1531 ipsiusque
1055 1440 1348 1508 ecclesiee
1388 1439 1749 1529 gallicance
1806 1439 2139 1520 salutemg
2182 1435 2351 1504 hanc
2391 1461 2550 1505 vero
2600 1459 2867 1529 posses-

644 1547 907 1613 sionem
972 1546 1113 1612 sine
1176 1547 1315 1611 ulla
1381 1543 1929 1630 interpellatione
1991 1541 2215 1609 summi
2279 1536 2636 1625 Pontificis
2684 1546 2865 1613 reti-

662 1651 929 1716 nuerint
971 1649 1052 1714 ab
1092 1651 1348 1734 aliquot
1390 1648 1651 1714 saeculis
1683 1697 1704 1733 ,
1746 1646 2066 1733 hodieque
2102 1645 2463 1714 retineant.
2516 1648 2685 1736 ,Quae
2713 1638 2865 1715 conss

662 1753 973 1818 niventia
1028 1749 1228 1816 Sedis
1283 1750 1666 1837 apostolicae
1726 1750 1802 1814 id
1843 1752 2125 1815 maxime
2171 1765 2509 1838 prcestat,
2565 1767 2645 1816 ut
2693 1749 2863 1822 bona

653 1845 797 1938 fide
840 1852 1192 1942 Principes
1243 1853 1310 1919 in
1359 1875 1435 1921 eo
1485 1853 1759 1945 negotio
1818 1853 2170 1920 tractando
2236 1870 2579 1920 versentur
2608 1902 2654 1938 ,‚
2695 1854 2870 1941 quod

670 1959 762 2027 ad
825 1982 892 2025 se
938 1957 1286 2047 pertinere
1327 1979 1448 2025 non
1500 1956 1925 2047 improbabili
1981 1957 2243 2023 ratione
2285 1972 2584 2045 putant:
2647 1958 2753 2025 ita
2793 1972 2872 2025 ut

548 2081 566 2090 ·
665 2064 1020 2154 patientia
1074 2063 1240 2151 illa,
1282 2064 1340 2130 si
1367 2084 1621 2130 necesse
1673 2063 1819 2150 sit,
1856 2062 2063 2128 vicem
2096 2060 2466 2150 privilegii
2506 2076 2574 2128 et
2614 2060 2874 2149 dispen-

681 2168 972 2234 sationis
1037 2166 1320 2252 subeat,
1384 2166 1656 2236 etiamsi
1720 2166 1788 2232 in
1850 2165 2140 2255 singulis
2202 2163 2549 2254 speciebus
2573 2165 2878 2254 privile-

673 2270 870 2363 gium
909 2269 1225 2340 exhiberi
1253 2294 1388 2338 non
1430 2270 1682 2359 possit

790 2374 1045 2444 Senot„
1102 2373 1196 2442 II.
1307 2374 1473 2457 Quo
1518 2374 1738 2465 jacto
1735 2374 2102 2461 potestatis
2154 2376 2336 2442 circa
2378 2395 2569 2444 sacra
2595 2315 2879 2446 funda-

685 2494 955 2563 mentO,
996 2499 1226 2544 carere
1260 2478 1395 2567 jam
1439 2499 1796 2566 possumus
1824 2477 1943 2545 illa
1984 2478 2438 2566 quorumdam
2467 2480 2700 2549 inutili
2740 2477 2876 2547 sol·

685 2581 1095 2669 licitudine,
1134 2603 1269 2670 qua
1323 2601 1391 2649 se
1431 2597 1759 2670 torquent
1797 2581 2081 2668 misere,
2123 2596 2199 2647 ut
2240 2603 2325 2649 ex
2364 2580 2557 2650 Sedis
2595 2598 2880 2672 aposto·-
2963 2581 2966 2584 ’

688 2681 843 2754 Ιίςεε
877 2687 1207 2756 diuturna
1259 2687 1706 2757 conniventia
1757 2685 2334 2776 praescriptionem
2392 2687 2584 2774 sequi
2639 2686 2882 2775 legiti-

690 2810 868 2855 mam
928 2791 1298 2874 evincant,
1337 2811 1474 2872 qua
1525 2788 1876 2871 Principes
1921 2786 2077 2869 jura
2130 2806 2251 2850 sua
2304 2788 2545 2869 longo:
2569 2803 2885 2873 tempore

662 2891 954 2954 nemine
1009 2887 1489 2972 interpellante
1557 2883 1862 2949 exercita
1921 2895 2302 2950 tueantur:
2365 2884 2648 2973 imperii·
2697 2892 2881 2957 enim

687 2988 1037 3077 majestate
1080 2988 1216 3054 tuti
1269 2985 1500 3053 colore
1541 2980 2178 3073 studiose‘quaesito
2235 3004 2370 3052 non
2403 2995 2647 3077 egent.
2685 2990 2884 3061 Simi-

687 3091 850 3160 liter
894 3107 1124 3159 autem
1166 3087 1340 3157 nihil
1381 3086 1753 3177 proficiunt
1805 3086 1958 3176 illi,
1996 3088 2114 3178 qui
2162 3087 2320 3178 jura
2358 3094 2637 3161 summis
2675 3094 2881 3163 Prin-

690 3194 959 3285 cipibus
1016 3196 1287 3284 imperii
1349 3208 1687 3282 potestate
1749 3190 2022 3277 debita,
2062 3208 2132 3259 et
2184 3191 2295 3260 his
2343 3197 2875 3265 conniventibus

694 3317 817 3370 aut
856 3300 1058 3368 etiam
1098 3299 1328 3379 insciis
1356 3346 1378 3383 ,
1417 3292 1460 3364 ὲ,
1495 3297 1756 3364 saeculis
1797 3296 2066 3383 aliquot
2107 3293 2438 3384 partim&
2466 3298 2638 3374 Sede
2677 3322 2880 3389 apos·

695 3406 907 3471 tolica
947 3400 1319 3492 partimab
1359 3397 1719 3490 Episcopis
1771 3398 2174 3487 vindicata,
2212 3402 2718 3490 praescriptione
2759 3403 2883 3471 im-

695 3506 1078 3573 memoriali
1118 3503 1445 3573 Ecclesiae
1484 3505 1769 3593 quaesita
1811 3504 2074 3593 ingenti
2113 3502 2391 3592 quidem
2424 3503 2662 3573 'studio
2705 3526 2882 3573 con·-

704 3601 1041 3699 tendunt,
1078 3631 1319 3680 verum
1361 3607 1535 3676 nihil
1576 3607 1763 3698 apud
1805 3626 1921 3675 eos
1964 3603 2381 3696 profuturo,
2421 3610 2537 3696 qui
2578 3609 2877 3678 rectiora

689 3714 864 3803 juris
903 3714 1130 3781 civilis
1168 3712 1508 3804 principia
1546 3712 1779 3783 edocti
1815 3711 2028 3814 probe
2077 3712 2304 3789 sciunt
2334 3709 2489 3799 jura
2528 3707 2882 3801 Majestati
2926 3768 2932 3774 .

697 3817 975 3908 propria
1017 3814 1331 3939 humanis
1356 3805 1947 3939 praescriptionum
1975 3814 2305 3894 institutis
2342 3812 2878 3912 haudquaquam

712 3919 1083 4018 subjacete.
1781 3956 1790 3964 ·
