3275 4784
718 258 824 340 ,72
1482 258 1861 315 SECTIO
1945 254 2039 313 Ἰ.

1598 484 1663 570 §-
1772 479 1969 555 Lvr.

1234 715 1246 725 ·
1355 689 1728 774 Οοῖῖεοτῖο
1793 691 2176 772 Anselmi.
2232 688 2248 699 “
2309 749 2314 753 -

829 905 1145 977 Anselmo
1208 903 1598 977 Mantuano
1658 908 1818 998 qui,
1871 904 2257 977 Alexandri
2309 902 2395 972 II.
2454 905 2642 997 J'ussu
2683 896 2848 976 ‘anm

679 1033 901 1101 1074.
929 1011 1226 1083 Lucensi
1280 1008 1609 1080 Ecclesiae
1681 1007 2046 1100 praefectus
2114 1027 2254 1096 est,
2317 1007 2855 1081 familiarissime

667 1135 829 1184 usus
870 1132 972 1184 est
1031 1112 1404 1208 Gregorius
1445 1115 1603 1184 VH.
1651 1113 1831 1182 Eam
1880 1114 2137 1182 deinde
2207 1113 2581 1180 Ecclesiam
2635 1114 2853 1181 dimi-

664 1221 753 1287 sit
795 1217 1183 1306 Anselmus,
1219 1235 1291 1287 et
1331 1222 1402 1286 in
1438 1216 1967 1288 Cluniacensem
2006 1218 2456 1289 solitudinem
2488 1239 2558 1285 se
2601 1238 2851 1285 recon-

660 1323 886 1412 didit,
925 1322 1114 1414 quod
1156 1319 1420 1390 factum
1462 1325 1861 1414 gravissime
1902 1320 2169 1391 ferebat
2211 1319 2605 1413 Gregorius.
2680 1321 2845 1390 No-

657 1444 856 1497 verat
919 1429 1104 1496 enim
1137 1428 1362 1496 virum
1415 1426 1718 1498 moribus
1784 1450 1863 1496 ac
1929 1427 2245 1496 doctrina
2320 1426 2721 1515 egregium,
2773 1442 2846 1495 et

665 1531 854 1620 quod
871 1549 1079 1620 caput
1120 1549 1269 1599 erat
1284 1531 1665 1600 Pontificiae
1682 1533 2046 1622 majestatis
2062 1531 2465 1598 acerrimum
2481 1528 2854 1598 vindicem.
2929 1588 2933 1599 ,

659 1631 902 1722 Itaque
933 1633 1250 1722 precibus
1289 1637 1581 1722 primum
1619 1636 1985 1726 adgressus
2027 1633 2411 1718 hominem,
2465 1653 2679 1724 quum
2731 1635 2848 1700 ni-

662 1733 766 1803 hil
806 1737 1211 1827 proficeret,
1263 1740 1551 1828 imperio
1602 1740 1871 1828 co‘e‘git,
1913 1754 1989 1805 ut
2065 1737 2157 1805 ad
2226 1736 2603 1804 Ecclesiam
2654 1757 2842 1804 suam

668 1839 957 1908 rediret.
995 1841 1227 1910 Multa
1267 1840 1410 1931 ejus
1449 1845 1704 1932 scripta
1747 1858 2052 1910 recenset
2104 1841 2435 1910 Barom'us
2488 1843 2559 1907 in
2612 1843 2852 1910 Anna-

666 1943 849 2010 libus
888 1934 1004 2041 (1)
1044 1967 1131 2013 ex
1169 1966 1517 2031 anonymo
1557 1949 1720 2014 vitae
1754 1946 1898 2036 ejus
1936 1947 2293 2037 scriptore.
2334 1945 2415 2012 In
2456 1941 2563 2011 his
2601 1959 2703 2012 est
2742 1948 2854 2012 cass

665 2067 923 2116 nonum
988 2050 1300 2140 quaedam
1365 2049 1724 2138 collecti0,
1776 2051 1968 2142 cujus
2020 2050 2262 2117 titulus
2318 2050 2385 2114 in
2434 2047 2675 2116 codice
2730 2047 2849 2114 bi-

665 2149 1034 2227 bliothecae
1073 2153 1462 2223 Barberinae
1500 2153 1614 2222 hic
1654 2171 1797 2245 est,
1837 2151 2262 2222 Authentica
2303 2169 2373 2220 et
2433 2151 2846 2240 compendio-

658 2275 740 2324 -sa
813 2257 1118 2326 collectio
1182 2259 1567 2350 regularum
1654 2275 1723 2327 et
1803 2258 2278 2327 sententiarum
2346 2254 2480 2323 SS.
2557 2253 2844 2322 Parrum

659 2373 731 2426 et
769 2359 1290 2428 authorabilium
1331 2362 1802 2432 conciliorum.
1839 2363 2269 2431 Sunt‘tamen
2311 2362 2444 2429 viri
2477 2358 2848 2450 pererudi-

663 2461 760 2544 ti,
802 2479 871 2528 et
907 2465 977 2526 in
1032 2461 1136 2527 his
1213 2462 1554 2528 Antonius
1631 2463 2101 2553 Augustinus,
2177 2465 2461 2529 Natalis
2536 2463 2849 2530 Alexan-

663 2562 821 2650 der,
859 2562 1242 2654 Stephanus
1280 2564 1643 2653 Baluzius,
1697 2568 1816 2655 qui
1869 2565 2177 2632 Anselmi
2250 2563 2427 2630 hanc
2491 2563 2852 2635 collectio-

552 2716 560 2727 .
665 2686 822 2734 nem
852 2689 990 2737 non
1027 2690 1170 2736 esse
1231 2668 1555 2756 suspicati
1604 2685 1805 2758 sunt,
1882 2685 2028 2737 tum
2070 2666 2258 2757 quod
2322 2665 2734 2735 Tritlzemius
2774 2685 2851 2745 et

661 2768 1065 2863 Sigebertus
1103 2793 1190 2840 ex
1230 2771 1346 2839 illa
1385 2788 1584 2840 aetate
1640 2775 2041 2862 scriptores,
2101 2774 2383 2861 ipseque
2437 2770 2615 2838 adeo
2679 2772 2845 2841 vitae

659 2875 950 2964 scriptor
990 2876 1471 2964 perantiquuS,
1533 2897 1737 2965 quem
1797 2875 1953 2944 Seb.
2016 2873 2511 2967 Tengnagelius
2560 2875 2849 2964 Augus-

667 2991 756 3042 tae
793 2977 1140 3065 quondam
1180 2976 1616 3048 bibliothecae
1656 2977 2023 3070 praefectus
2062 2978 2325 3068 edidit,
2388 2976 2641 3046 nullam
2698 2977 2844 3068 ejus

662 3078 1092 3150 collectionis
1154 3086 1544 3150 memoriam
1599 3085 2043 3174 reliquerint3
2119 3099 2267 3153 tum
2332 3082 2520 3172 quod
2586 3083 2719 3148 sint
2771 3081 2841 3148 in

660 3181 784 3251 illa
821 3179 1210 3276 fragmenta
1236 3189 1548 3277 quaedam
1587 3187 1947 3280 desumpta
1988 3211 2074 3255 ex
2115 3187 2566 3257 monumentis
2595 3183 2856 3252 Amel-⁹

659 3308 801 3374 mo,
838 3291 959 3378 qui
998 3313 1162 3359 anno
1214 3288 1433 3360 1086.
1474 3309 1785 3361 mortuus
1826 3309 1969 3381 est,
2031 3294 2255 3362 multo
2322 3282 2843 3358 recentioribus·

663 3387 868 3459 Nihil
902 3409 1130 3463 tamen
1204 3395 1607 3464 mutandum
1680 3396 1945 3463 censuit
1981 3394 2350 3485 -Doujatius
2390 3382 2527 3486 (2),
2566 3389 2847 3458 certius

660 3508 767 3560 est
805 3493 949 3584 ejus
984 3497 1390 3584 opusculum
1419 3498 1751 3581 alterum,
1790 3497 1981 3586 quod
2023 3496 2541 3586 Apologeticum
2591 3492 2841 3558 inscri-

663 3595 802 3685 psit
825 3616 915 3663 ex
953 3596 1245 3666 diversis
1273 3599 1673 3669 Sanctorum
1708 3597 1987 3668 Patrum
2019 3595 2484 3667 voluminibus
2510 3615 2657 3662 com
2666 3596 2842 3685 pila-

661 3713 850 3788 tum,
885 3715 967 3768 ut
1028 3699 1354 3793 Gregorii
1419 3703 1574 3771 VII.
1652 3703 2059 3772 sententiam
2134 3701 2208 3768 in
2284 3699 2639 3767 Henricum
2716 3698 2839 3768 JV.

658 3815 732 3872 et
769 3804 1090 3875 universa
1143 3805 1286 3894 ejus
1327 3803 1512 3875 facta
1553 3822 1760 3898 atque
1818 3817 2156 3898 praecepta
2209 3802 2558 3873 canonicis
2594 3797 2839 3872 defen-

741 3949 831 4025 (ι)
909 3950 1025 4008 Ad
1051 3970 1255 4008 annum
1294 3954 1478 4014 1068.

742 4026 844 4114 (α)
923 4031 1060 4094 Lib.
1094 4051 1150 4113 3.
1178 4045 1301 4109 cap.
1331 4033 1426 4096 26.
