3275 4784
1460 232 1692 337 (xv)

467 430 487 446 ‚.
574 398 595 443 τ
653 371 943 507 CXIII.
992 369 1547 470 Temperatius
1615 387 1741 447 est
1798 374 2287 448 recentiorum
2334 395 2493 468 sys

1123 487 1369 556 terna,
1427 470 1563 544 sed
1618 474 1698 542 in
1762 468 2269 566 adsignandis
2328 472 2494 569 ejus

1098 566 1514 642 limitibus
1572 585 1845 662 parum
1911 563 2074 639 sibi
2134 583 2496 642 constant

816 722 829 731 .
948 720 961 729 .
1010 709 1021 731 ;
1131 667 1377 738 etiam
1418 665 1812 738 novissimi
1863 685 2110 737 eorum
2155 667 2497 758 scripto·-

1094 782 1267 834 res
1270 810 2498 837 .......................

543 886 551 893 ·
661 794 957 936 Cxlv.
1042 856 1633 933 Fundamentum
1666 858 1889 956 juris
1936 860 2176 930 istius
2208 881 2342 930 non
2374 873 2498 932 est

746 984 801 999 <·
1131 958 1633 1053 privilegium
1713 952 1956 1027 Sedis
2030 956 2499 1048 apostolicae,

536 1112 609 1123 -,.
894 1103 907 1119 .
952 1107 959 1117 .
1012 1108 1023 1119 .
1143 1051 1774 1126 utBellarminus
1797 1052 1968 1124 vult
2010 1052 2495 1144 persuadere.

694 1104 953 1227 CXV.
992 1147 1207 1241 Sed
1249 1154 1486 1245 ipsum
1532 1152 1922 1243 imperium
1967 1148 2200 1219 civile
2204 1201 2498 1226 ......

442 1262 491 1335 ’ξ
663 1244 945 1413 CXV.¹.
1002 1245 1182 1320 Ex
1233 1250 1381 1342 'quo
1400 1249 1609 1341 finit*
1636 1249 1955 1340 primum
1997 1243 2309 1338 quidem
2356 1246 2500 1344 jus

606 1404 615 1411 .
708 1398 721 1417 .
820 1396 833 1411 .
1073 1342 1689 1418 :determinandi
1741 1364 1872 1430 ea,
1927 1364 2094 1436 quae
2137 1345 2280 1415 a'd
2303 1345 2500 1416 reli-

1132 1446 1424 1538 gionem
1472 1454 1648 1514 sunt
1698 1438 2151 1534 adiaphora.
2193 1492 2213 1512 .
2252 1493 2329 1519 ...
2366 1493 2386 1513 .
2421 1493 2441 1513 .
2478 1494 2522 1515 ..

615 1505 922 1616 CXVII.
954 1536 1190 1653 Jus
1233 1536 1497 1611 deinde
1540 1556 1901 1633 supremae
1945 1559 2041 1609 ac
2090 1539 2499 1631 generalis

1129 1638 1618 1727 inspectionis
1647 1689 1671 1723 ‚
1780 1631 2037 1727 efficie
2058 1634 2326 1729 ndique
2417 1659 2505 1708 ne

2589 767 2726 868 183
2782 744 2786 749 ⁵

2589 1000 2742 1153 185-

2589 1156 2728 1251 187

2593 1394 2730 1545 1339
2778 1397 2812 1509 ’.

1130 1730 1315 1827 quid
1339 1728 1526 1824 ficri
1559 1733 1995 1828 contingat,
2042 1751 2141 1801 ex
2181 1755 2316 1824 quo
2365 1731 2526 1803 de-·
2611 1775 2618 1781 -

1135 1832 1572 1900 trimentum
1607 1821 2074 1919 Respublica
2107 1833 2499 1921 patiatur.

595 1923 938 2002 CXVIII.
1040 1922 1159 1995 Et
1191 1923 1330 2019 jus
1372 1923 1658 1995 demum
1706 1921 2135 1994 advocatiae
2182 1926 2499 1998 ecclesi-

1140 2022 1462 2109 asticae,
1528 2031 1686 2090 tum
1747 2020 1826 2091 in
1882 2017 2107 2092 rebus
2160 2018 2350 2111 fidei
2406 2045 2501 2096 ac

1141 2136 1434 2187 morum.
1644 2166 1664 2186 .

680 2147 945 2290 CXIX.
1046 2207 1224 2283 Tum
1271 2213 1506 2285 etiam
1533 2166 1634 2284 in
1684 2212 2017 2307 negotiis
2065 2165 2501 2304 disciplina:

1137 2307 1769 2380 ecclesiasticae..
1945 2356 1966 2380 .
1996 2358 2017 2380 .
2042 2358 2063 2380 .

709 2404 943 2482 CXX.
1041 2401 1181 2476 In.
1150 2425 1377 2498 .qua,
1420 2407 1502 2477 si
1544 2421 1687 2498 per
1721 2400 2026 2475 abusum
2086 2403 2500 2479 ecclesias-

1139 2503 1326 2574 ticae
1369 2502 1800 2597 potestatis
1861 2502 1939 2572 in
1959 2498 2256 2572 uriam
2272 2505 2502 2594 pati-

1141 2603 1370 2671 untur
1427 2594 1766 2685 subditi,
1839 2597 1898 2668 li
1951 2617 2037 2669 er
2094 2618 2256 2671 esse
2279 2597 2502 2675 debet

1145 2692 1251 2768 ad
1294 2691 1725 2787 Principem
1775 2713 2131 2767 recursus
2135 2743 2501 2771 .......

679 2787 948 2868 CXXI.
1046 2789 1215 2866 His
1284 2804 1609 2885 quatuor
1661 2787 2196 2901 fundamentis
2264 2795 2505 2866 omnia

1140 2893 1613 2961 continentur
1627 2883 1825 2984 jura
1874 2885 2317 2981 Principum
2339 2890 2506 2960 cir-

1141 3006 1235 3056 ca
1282 3005 1555 3055 sacra.
1605 3005 1772 3076 quae
1815 2997 2063 3056 tamen
2095 3006 2264 3056 suos
2291 2987 2508 3061 intra

1146 3076 1432 3150 limites
1482 3077 1903 3183 exercenda
1947 3092 2128 3152 sunt
2130 3129 2510 3157 .......

1217 3264 1284 3343 C
1322 3265 1392 3343 A
1426 3269 1483 3343 P
1517 3266 1589 3341 U
1623 3267 1692 3340 T
1787 3268 1825 3341 I
1857 3268 1889 3341 1
1926 3264 1985 3342 I.

772 3413 946 3523 *De
1004 3420 1412 3527 limitibus
1465 3424 1891 3543 utriusque
1920 3427 2424 3542 potestatis.-

647 3640 944 3722 CXXII.
1045 3644 1479 3721 Concordia·
1533 3642 1984 3718 Sacerdotii
2048 3660 2130 3718 et
2187 3645 2508 3744 Imperii

1144 3747 1314 3819 sita
1360 3755 1482 3816 est
1523 3745 1909 3836 prcecipue
1955 3745 2034 3813 in
2080 3746 2505 3820 custodien-

1145 3840 1272 3912 dis
1318 3840 1681 3935 religiose
1728 3837 2154 3927 limitibus
2200 3866 2375 3936 quos
2421 3860 2504 3917 et
2577 3864 2591 3877 ·

1148 3949 1433 4010 natura
1487 3939 1701 4031 ipsa,
1756 3950 1836 4013 et
1878 3934 2249 4013 Christus
2293 3944 2503 4015 utri-

2590 1858 2727 1934 190

2591 2148 2730 2222 192
2811 2099 2824 2107 Α.

2429 2302 2842 2413 ..194·

2593 2701 2733 2799 196

2597 3104 2737 3187 Ι97
