3275 4784
706 239 847 334 258
1450 244 1880 307 SECTIO
1978 253 2086 306 11.

662 399 797 452 tem
854 379 988 452 hoc
1032 383 1388 476 perspicue
1429 384 1844 470 conficitur,
1884 396 1966 449 ut
2006 379 2126 472 qui
2182 375 2268 446 ad
2305 379 2477 473 juris
2539 387 2854 457 canonici

662 487 1214 578 explanationem
1256 511 1325 558 se
1367 486 1686 557 conferre
1726 486 2004 576 volent,
2042 486 2112 553 in
2153 498 2315 553 ante
2353 505 2635 575 operam
2673 490 2865 580 dent,

660 608 740 660 ut
781 593 868 659 ab
906 614 1141 661 earum
1182 614 1411 662 rerum
1448 589 1852 683 cognitione
1894 610 1977 657 ne
2028 591 2159 656 sint
2200 587 2557 679 destituti,
2600 592 2669 660 in
2710 598 2867 683 qui·

663 696 785 764 bus
818 697 1015 763 rebus
1046 698 1415 786 docendis,
1444 694 1898 787 explicandis>
1925 692 2864 769 illustrandisversabuntur.

769 799 1026 868 Senon.
1137 803 1404 870 Harum
1460 817 1691 870 autem
1756 818 1987 866 rerum
2037 799 2144 865 vis
2197 797 2410 889 major
2445 815 2603 887 est,
2653 823 2858 891 quam

661 906 880 992 vulgo
923 904 1232 975 homines
1271 910 1384 976 vel
1426 908 1643 974 sciant
1697 903 1824 993 ipsi
1855 951 1879 991 ‚
1933 902 2044 970 vei
2092 902 2242 968 aliis
2310 903 2596 972 credant
2646 908 2855 975 etiam

663 1008 803 1094 illi,
845 1010 963 1097 qui
1003 1009 1131 1078 sibi
1171 1010 1481 1079 nonnihil
1525 1011 1595 1076 in
1637 1006 1768 1074 hoc
1802 1025 2050 1096 genere
2081 1005 2420 1096 adrogare
2449 1006 2679 1074 laudis
2711 1031 2863 1100 pos⁴

663 1133 730 1178 se
772 1112 1124 1182 videntur.
1166 1114 1318 1183 Nec
1359 1117 1540 1183 enim
1582 1111 1844 1201 oppido
1888 1107 2226 1179 falluntur
2259 1159 2282 1199 ,
2336 1111 2455 1198 qui
2501 1110 2855 1203 jurispru-

669 1213 972 1283 dentiam
1041 1216 1591 1287 Ecclesiasticam
1660 1215 2014 1282 scientiam
2080 1235 2224 1281 esse
2273 1215 2646 1302 opinantur
2695 1220 2859 1287 satis

671 1322 1016 1408 perviam,
1071 1344 1291 1412 neque
1351 1322 1731 1391 admodum
1786 1314 2200 1385 difficilem:
2252 1317 2582 1408 cujusque
2633 1342 2701 1387 se
2742 1323 2859 1392 vel

669 1423 908 1491 triduo
935 1474 957 1512 ,
993 1427 1050 1492 si
1089 1429 1307 1498 velint
1338 1477 1358 1514 ‚
1406 1428 1754 1497 consultos
1795 1422 2106 1513 profiteri
2152 1423 2433 1510 possint.
2489 1421 2683 1506 Quin
2722 1446 2858 1516 ego

674 1528 767 1592 sic
798 1550 1077 1616 censeo,
1116 1553 1249 1599 non
1289 1534 1490 1599 aliam
1523 1552 1666 1598 esse
1707 1524 1911 1594 facile
1947 1526 2118 1617 juris
2152 1526 2365 1593 totius
2396 1542 2682 1615 partem,
2708 1550 2860 1617 quae

666 1651 824 1696 cum
882 1632 1010 1700 hoc
1052 1634 1217 1702 duci
1263 1638 1328 1700 in
1378 1637 1961 1721 comparationem
2017 1631 2248 1718 possit.
2306 1628 2627 1719 Requirit
2674 1634 2854 1700 enim

667 1753 913 1823 praeter
965 1735 1342 1824 disciplinae
1404 1758 1608 1803 sacrae
1675 1732 2155 1821 amplissimam
2227 1734 2600 1821 notitiam,
2663 1734 2854 1813 Juris

667 1838 873 1902 etiam
916 1837 1206 1905 Romani
1250 1840 1599 1906 scientiam
1631 1859 1765 1905 non
1796 1837 2193 1926 vulgarem:
2223 1834 2454 1926 Espen
2484 1837 2553 1904 in
2579 1838 2855 1909 dissert.

663 1939 731 2004 in
776 1939 889 2027 jus
948 1964 1173 2010 canon.
1221 1944 1467 2011 noviss.
1504 1944 1576 2009 in
1613 1941 1893 2030 append.
1962 1937 2409 2029 Disciplinam
2449 1939 2843 2012 Feudorum

673 2047 1175 2133 propemodum
1228 2049 1612 2116 universam
1668 2041 1832 2112 Car.
1888 2042 2168 2110 Ferdin.
2222 2043 2543 2112 Hommel
2597 2046 2667 2113 in
2693 2065 2856 2136 pro-

663 2169 951 2238 gramm.
992 2151 1072 2216 de
1102 2151 1260 2241 jure
1323 2151 1627 2219 canonico
1672 2170 1758 2217 ex
1822 2143 2131 2215 German.
2194 2146 2425 2239 legib.
2468 2164 2543 2216 et
2586 2145 2856 2232 feudal.

670 2253 1108 2341 explicando:
1177 2255 1452 2324 Deinde
1518 2255 2009 2345 plurorumque
2087 2248 2387 2339 Europae
2439 2253 2854 2341 populorum

670 2352 898 2446 Leges
938 2376 1005 2426 et
1045 2361 1609 2428 consuetudines:
1652 2357 1823 2425 Vid.
1867 2354 2146 2423 Eckard
2173 2354 2242 2438 ἐρ
2272 2356 2690 2424 Hermeneut.
2707 2356 2855 2447 jur.

674 2459 733 2540 S.
786 2480 954 2544 334.
995 2482 1176 2548 seqq.
1216 2461 1692 2528 Glossatorum
1736 2461 1897 2525 item
1926 2474 2236 2524 veterum
2277 2460 2739 2548 expositiones
2778 2482 2858 2529 ac

671 2563 1089 2648 sententias‚
1142 2586 1293 2651 quae
1360 2566 1427 2631 in
1497 2562 1873 2650 Rescriptis
1941 2559 2270 2650 Gregorii
2325 2559 2448 2627 IX.
2500 2577 2858 2653 utramque

671 2666 993 2753 paginam
1039 2662 1303 2733 faciunt
1334 2688 1355 2731 :
1401 2665 1615 2734 Ever.
1659 2664 1831 2731 Otto
1872 2665 1948 2731 in
1988 2664 2293 2752 praelect.
2326 2664 2532 2750 prim.
2562 2666 2652 2732 ad
2689 2666 2859 2734 Boe·

672 2766 1119 2852 kelmannum,
1182 2769 1453 2855 aliaque
1520 2769 1913 2855 permulta,
1973 2787 2126 2851 quae
2176 2767 2447 2851 quoties
2512 2769 2862 2858 expende,

675 2889 813 2935 non
849 2886 991 2933 tam
1037 2871 1262 2935 mirari
1304 2871 1533 2956 soleo,
1570 2885 1709 2935 tam
1752 2883 2003 2957 paucos
2042 2887 2184 2933 esse
2225 2866 2292 2930 in
2320 2880 2512 2933 tanta
2554 2870 2860 2940 multitu·

669 2970 832 3037 dine
869 2973 1156 3039 eximios
1213 2973 1281 3038 in
1323 2971 1453 3040 hoc
1495 2992 1745 3061 genere
1801 2972 2027 3055 virm,
2078 2988 2283 3058 quam
2322 2989 2467 3037 esse
2506 2987 2646 3037 tam
2686 2972 2865 3042 mul-

668 3089 817 3160 tos,
854 3077 974 3164 qui
1033 3075 1348 3143 idoneam
1384 3076 1552 3165 juris
1590 3075 1940 3142 scientiam
1983 3072 2291 3141 nondum
2332 3070 2700 3161 adsequuti
2727 3125 2748 3160 ,
2789 3092 2861 3144 et

670 3179 865 3246 tenui
928 3179 1304 3247 admodum
1356 3178 1818 3268 Philosophiae
1860 3194 1926 3243 et
1969 3174 2404 3243 Scholasticae
2455 3175 2862 3266 Theologiae

669 3282 917 3350 notitia
947 3284 1226 3370 imbuti,
1270 3283 1421 3351 Diis
1465 3282 1988 3368 hominibusque
2035 3280 2270 3349 invitis
2299 3281 2859 3368 interpretando-

676 3405 832 3453 rum
870 3408 1211 3456 canonum
1252 3387 1680 3478 provinciam
1709 3385 2079 3453 invadunt.
2158 3412 2163 3416 ·

1549 3611 1609 3694 §·
1701 3602 1992 3676 ccxv.

1295 3804 1542 3882 Notio
1597 3804 1960 3881 librorum
2002 3802 2248 3903 juris.

828 4001 1176 4099 Insignem
1216 4026 1423 4100 porro
1465 4007 1837 4082 utilitatem
1875 4007 2121 4098 habet,
2172 4019 2484 4076 naturam
2522 4023 2727 4100 atque
2764 4010 2864 4078 in-
