3275 4784
753 216 850 316 98
1517 221 1950 311 sectio
2048 220 2140 276 n·

708 376 902 446 teor,
939 351 1325 427 Ecclesiam
1382 350 1599 441 magis
1638 350 1711 417 in
1766 347 2089 417 ministris
2142 346 2282 416 suis
2333 364 2540 436 quam
2587 346 2660 418 in
2712 369 2890 424 cete-

706 466 802 533 ris
843 460 1166 530 fidelibus
1194 456 1495 547 exegisse
1522 454 1711 522 illam
1740 453 1809 519 in
1839 450 2187 543 litigando
2215 449 2659 542 modestiam,
2695 478 2894 547 quam

712 562 1099 636 Corinthiis
1125 576 1479 649 tantopere
1508 555 2036 626 commendabat
2066 556 2444 648 Apostolus
2473 546 2745 653 (Espen
2771 563 2898 647 loc,

718 664 889 766 tit.)
927 669 1159 737 tulisse
1200 682 1467 749 tamen,
1508 663 1718 729 modo
1760 662 1835 728 id
1877 658 2230 752 Episcopo
2270 663 2736 734 consentiente
2773 666 2893 737 fie-

718 792 861 862 ret,
913 788 1176 840 certum
1229 786 1357 838 est.
1412 764 1717 836 Concilii
1771 765 2299 856 Andegavensis
2348 765 2588 835 Patres
2642 786 2773 839 can.
2828 793 2893 841 ι.

719 879 815 946 ita
857 876 1162 943 habent:
1218 874 1511 943 Clericis
1565 892 1689 940 non
1743 870 1949 940 liceat
1999 870 2391 939 inconsultis
2440 869 2897 944 Sacerdotibus

719 984 900 1066 suis,
944 980 1015 1047 id
1056 994 1199 1066 est,
1242 976 1650 1067 Episcopis,
1688 974 2036 1047 saecularia
2074 975 2340 1065 judicia
2392 993 2735 1066 expetere.
2782 977 2903 1047 Li-

718 1086 921 1154 cebat
965 1085 1185 1174 igitur
1223 1082 1363 1149 illis
1403 1081 1775 1151 consultis:
1816 1078 2005 1168 quod
2046 1081 2253 1148 etiam
2293 1101 2379 1146 ex
2416 1083 2696 1153 concilii
2727 1082 2907 1174 Aga·

722 1188 985 1256 thensis
1052 1209 1196 1254 can.
1274 1205 1391 1272 3²·
1459 1184 1716 1274 liquet:
1781 1182 2091 1254 Clericus
2157 1192 2234 1251 ηε
2298 1204 2677 1273 quemquam
2726 1189 2913 1275 prae-

726 1309 941 1367 sumat
1004 1291 1182 1381 apud
1234 1289 1610 1357 secularem
1655 1287 1997 1378 judicem,
2062 1285 2392 1379 Episcopo
2455 1312 2580 1357 non
2635 1292 2917 1381 permit-

727 1412 954 1484 tente,
984 1396 1283 1485 pulsare.
1325 1392 1435 1461 De
1476 1409 1703 1461 actore
1742 1392 1923 1460 enim
1961 1392 2217 1461 clerico
2268 1393 2614 1483 legendus
2655 1413 2753 1463 est
2802 1416 2909 1464 ca-

728 1522 919 1588 non,
973 1521 1110 1568 non
1165 1500 1252 1567 de
1304 1519 1451 1585 reo,
1515 1514 1592 1565 ut
1659 1495 2039 1566 Gratianus
2101 1518 2278 1565 caus.
2356 1519 2471 1563 11.
2538 1514 2778 1586 quaest.
2848 1521 2908 1567 ι.

725 1626 868 1671 can.
925 1624 1038 1690 17.
1092 1601 1318 1669 Addit
1372 1622 1629 1670 canon:
1685 1600 1828 1668 Sed
1874 1602 1936 1667 si
1988 1590 2365 1696 (clericus)
2409 1603 2727 1689 pulsatus
2759 1598 2919 1687 fue-

726 1711 824 1775 rit
894 1697 1123 1799 (apud
1185 1703 1490 1792 judicem
1542 1694 2036 1799 saecularem),
2103 1706 2544 1795 respondeat,
2599 1729 2732 1776 non
2773 1727 2927 1796 pro⁶

715 1822 949 1899 ponat.
982 1806 1210 1890 Quam
1242 1804 1641 1873 Sirmondus
1680 1806 2049 1875 lectionem
2082 1810 2450 1898 genuinam
2491 1833 2631 1878 esse
2685 1812 2925 1900 probat

729 1933 815 1980 ex
855 1932 998 1978 can.
1050 1932 1076 1977 1
1104 1932 1167 1977 1.
1216 1911 1495 1978 concilii
1538 1909 2004 2001 Epaonensis,
2039 1914 2159 2002 qui
2212 1914 2310 1979 sic
2361 1912 2608 1981 habet:
2680 1914 2819 1982 Sed
2864 1916 2921 1983 si

718 2014 986 2108 pulsati
1027 2009 1296 2101 fuerim
1359 2014 1631 2105 clerici,
1684 2016 1868 2104 sequi
1923 2019 2014 2083 ad
2061 2019 2377 2084 saeculare
2412 2016 2752 2107 judicium
2815 2040 2926 2087 non

730 2134 1093 2193 morentur.
1137 2119 1247 2189 Ex
1285 2118 1393 2187 his
1433 2120 1690 2206 discaS,
1742 2121 1985 2188 clerico
2038 2122 2319 2210 quidem
2374 2122 2595 2190 actori
2655 2144 2800 2191 non
2856 2124 2933 2191 li·

734 2227 954 2294 cuisse
996 2225 1140 2293 sine
1181 2226 1473 2293 adsensu
1515 2223 1844 2315 Episcopi
1888 2225 2126 2293 laicum
2169 2227 2238 2293 in
2274 2225 2383 2316 jus
2411 2246 2660 2294 vocare
2693 2227 2783 2295 ad
2815 2249 2932 2296 sae·

733 2331 1035 2399 cularem
1093 2329 1437 2420 judicem,
1485 2331 1758 2398 licuisse
1815 2347 2045 2398 autem
2099 2330 2281 2398 laico
2336 2330 2550 2402 actori
2601 2329 2935 2406 clericum

729 2436 937 2500 etiam
981 2453 1117 2498 non
1170 2434 1454 2500 obtenta
1495 2434 1723 2499 venia.
1767 2432 2088 2516 Quorum
2131 2428 2478 2504 canonum
2515 2456 2594 2503 ea
2635 2430 2921 2503 videtur

732 2536 913 2601 ratio
956 2529 1206 2620 fuisse,
1246 2532 1434 2622 quod
1476 2534 1768 2602 clericus
1808 2534 2045 2603 liberae
2083 2558 2222 2605 suae
2259 2540 2612 2608 voluntati
2644 2539 2926 2608 relictus

731 2655 833 2706 est
852 2689 875 2724 ,
901 2656 1138 2709 utrum
1158 2636 1430 2728 judicio
1459 2639 1630 2708 velit
1659 2640 2119 2729 contendere,
2147 2663 2349 2728 quam
2382 2635 2928 2714 libertatemnon

732 2740 980 2827 habet,
1020 2743 1186 2807 dum
1232 2744 1374 2829 ipse
1413 2745 1850 2810 convenitur.
1889 2742 2024 2806 Sed
2064 2765 2202 2808 non
2243 2747 2465 2808 multo
2507 2760 2661 2827 post
2718 2748 2925 2815 etiam

732 2843 926 2910 laicis
968 2842 1411 2906 interdictum
1451 2856 1553 2905 est
1594 2860 1783 2902 reum
1824 2840 2035 2924 agere
2061 2840 2387 2905 clericum
2423 2843 2493 2907 in
2526 2838 2689 2909 foro
2720 2867 2935 2918 saecu-

730 2942 857 3010 lari
896 2941 1151 3027 absque
1192 2960 1525 3014 consensu
1565 2936 2077 3027 PontificiSYUt
2105 2964 2205 3013 ⁴ex
2241 2939 2548 3013 Concilii
2598 2945 2924 3024 Aurelia-

732 3044 958 3112 nensis
999 3043 1128 3111 ΙΙΙ.
1170 3065 1312 3112 can.
1342 3065 1476 3133 32.
1520 3059 1589 3113 et
1630 3043 2148 3113 Aurelianensis
2199 3044 2330 3114 IV.
2371 3070 2519 3117 can.
2579 3070 2701 3119 20.
2755 3076 2926 3123 con·-
3036 3078 3042 3085 ·

734 3165 895 3218 stat.
936 3146 1149 3220 Conf.
1192 3148 1438 3219 Franc.
1481 3148 1569 3217 de
1600 3147 1803 3234 Roye
1833 3148 2063 3217 instit.
2091 3149 2237 3240 jur.
2265 3172 2409 3221 can.
2442 3154 2562 3221 lib.
2601 3175 2666 3241 3.
2696 3155 2821 3225 tit.
2853 3183 2930 3246 4.

738 3257 798 3343 ᾗ.
843 3280 935 3346 4.·
960 3266 1136 3347 seqq.
1176 3255 1334 3336 Jan.
1378 3251 1421 3325 ὲ
1459 3251 1670 3324 Costa
1711 3252 1834 3322 lib.
1880 3274 1948 3322 2.
1997 3256 2122 3324 tit.
2174 3279 2238 3324 1.
2267 3274 2441 3351 pag.
2487 3276 2662 3350 279.

1644 3462 1706 3546 ς.
1784 3459 2042 3531 Lxm.
2103 3552 2108 3557 ⁵

940 3673 1270 3753 Tandem·
1309 3666 1409 3753 ἐπ’
1432 3678 1827 3775 propriam
1843 3674 2463 3775 jurisdictionem
2500 3673 2732 3754 abiit.

902 3879 1036 3948 Sed
1077 3898 1147 3949 et
1184 3879 1411 3948 civilis
1464 3881 1536 3949 in
1588 3882 1799 3949 laicos
1844 3880 2247 3971 jurisdictio
2298 3883 2595 3954 multum
2646 3874 2929 3959 subinde

749 3978 1040 4056 statutos
1102 3980 1146 4055 ὲ
1207 3983 1537 4092 Patribus
1599 3985 1851 4054 limites
1909 3990 2394 4081 praetergressa
2457 4007 2582 4062 est.
2633 3982 2910 4060 Postea-
