3275 4784
750 286 843 361 62
1507 302 1936 356 SECTIO
2033 307 2088 358 n

715 454 957 507 eorum
998 427 1372 516 sententia,
1411 428 1528 516 qui
1569 428 1802 515 primae
1852 424 2043 496 Sedis
2092 427 2486 500 auctoritati
2539 421 2581 500 a
2622 431 2881 502 Serva·-

704 558 854 609 tore
891 538 1018 627 ipsi
1058 534 1406 602 attributae
1447 530 1885 600 decessurum
1927 532 2238 600 nonnihil
2281 533 2700 604 arbitrantur
2754 561 2880 606 ex-

703 644 913 734 plosis
953 637 1204 705 Isidori
1243 636 1641 718 commentis
1681 625 1789 731 (§.
1830 625 2173 731 XLVI.),
2215 658 2349 705 non
2391 641 2604 707 sinam
2658 657 2880 710 tamen

700 762 1025 834 umquam
1062 738 1229 808 mihi
1269 735 1311 807 Ξῑ
1349 759 1696 829 quoquam
1743 740 2181 829 persuaderi,
2220 758 2356 808 tam
2398 766 2537 810 esse
2592 746 2875 833 antiqua

696 850 770 916 in
810 849 894 937 iis
933 846 1200 933 omnia,
1238 864 1440 934 quam
1475 857 1576 910 est
1615 843 1944 912 audacter
1988 843 2187 936 juxta
2236 861 2443 933 atque
2512 846 2882 935 impuden-

699 965 807 1019 ter
870 950 1234 1032 mentitus,
1298 946 1606 1036 quisquis
1672 967 1907 1014 earum
1973 948 2418 1036 epistolarum
2466 967 2715 1016 auctor
2779 967 2881 1018 est:

697 1043 805 1150 (§.
836 1043 1128 1146 XLII.).
1170 1050 1319 1134 Qui*
1352 1071 1519 1120 vero
1557 1049 1645 1118 de
1686 1052 2197 1141 praescriptione
2224 1051 2513 1141 aliisque
2542 1052 2874 1123 similibus

694 1157 926 1224 nescio
988 1153 1158 1244 quid
1210 1153 1604 1243 disputant,
1669 1154 1719 1221 ii
1785 1155 2065 1243 quidem
2121 1175 2387 1242 omneS,
2439 1170 2515 1222 ut
2563 1177 2646 1223 ne
2699 1157 2871 1245 quid

693 1261 978 1350 gravius
1017 1258 1281 1345 dicam,
1319 1258 1516 1324 nimis
1558 1253 1849 1344 profane
1891 1258 1978 1324 de
2034 1257 2160 1323 hac
2212 1273 2359 1325 tota
2412 1278 2484 1325 re
2536 1261 2879 1328 videntur

692 1363 1051 1430 disserere.
1092 1358 1256 1428 Non
1298 1364 1478 1427 enim
1520 1357 1605 1426 de
1647 1357 1887 1430 fundis
1927 1360 2042 1428 hic
2081 1362 2317 1450 agitur
2345 1411 2366 1448 ,
2420 1377 2541 1428 aut
2590 1361 2678 1429 de
2722 1363 2876 1451 jure

693 1464 1071 1551 stillicidii,
1110 1462 1450 1553 glandeve
1491 1464 1826 1552 legenda,
1864 1463 1986 1531 sed
2028 1485 2133 1531 res
2172 1478 2274 1530 est
2314 1463 2400 1532 de
2431 1465 2712 1554 publico
2741 1464 2878 1533 Ec-

695 1570 919 1636 clesiae
957 1564 1368 1635 Christianae
1409 1582 1630 1654 statu,
1670 1588 1873 1656 quem
1914 1589 2048 1656 ego
2089 1565 2295 1633 homo
2324 1569 2560 1635 tardus
2588 1570 2875 1659 ingenio

692 1688 852 1739 ante
893 1668 1018 1737 hos
1058 1688 1274 1738 novos
1315 1669 1632 1736 doctores
1674 1666 2170 1760 usucapionum
2211 1670 2708 1742 subtilitatibus
2745 1674 2871 1740 ob-

692 1776 978 1842 noxium
1014 1795 1154 1840 esse
1182 1772 1503 1863 ignoravi
1531 1794 1836 1863 semper,
1862 1790 1931 1840 et
1970 1775 2374 1864 ignorarunt
2404 1796 2664 1842 mecum
2696 1779 2868 1865 peri-

693 1877 936 1944 tissimi
976 1879 1234 1966 quique
1275 1894 1482 1966 atque
1523 1877 1807 1966 ingenui
1847 1878 1980 1946 viri
2020 1865 2157 1972 (1).
2201 1878 2461 1966 Aperte
2500 1877 2874 1972 Gregorius

689 1978 1085 2069 Zallwein,
1124 1997 1194 2048 er
1236 1995 1314 2047 ut
1337 1980 1564 2068 virum
1596 2000 1878 2070 gravem
1908 1980 2228 2067 decebat,
2254 1982 2590 2069 candide,
2621 1983 2873 2050 nullam

696 2081 814 2150 hic
853 2084 1082 2151 valere
1107 2084 1719 2173 praescriptionem,
1758 2084 1982 2174 ajebat
2012 2135 2036 2173 ,
2091 2084 2335 2152 nullam
2379 2087 2875 2174 possessionem,

696 2188 946 2254 nullam
986 2187 1473 2276 usucapionem,
1511 2187 1571 2252 si
1626 2188 1705 2254 de
1753 2188 1940 2255 illius
1988 2189 2271 2277 pessimo
2335 2189 2533 2255 initio
2598 2203 2880 2256 constet.

684 2314 689 2320 ·
799 2288 1058 2359 ScHoL.
1165 2289 1297 2359 Sed
1349 2289 1525 2360 illud
1573 2290 1832 2382 jactant
1883 2313 2037 2360 cum
2088 2292 2356 2382 primis:
2400 2291 2535 2382 jam
2587 2290 2734 2359 dud
2758 2310 2872 2360 um

689 2391 985 2460 Romam
1026 2394 1393 2480 explosisse
1434 2395 1697 2460 larvam
1735 2395 2021 2460 Isidori:
2065 2412 2142 2460 ut
2184 2397 2352 2482 quid
2398 2397 2612 2484 igitur
2645 2395 2747 2462 his
2777 2397 2874 2463 la·-

688 2492 981 2562 mentis?
1024 2490 1465 2579 Respondeat
1503 2512 1627 2581 pro
1667 2514 1774 2559 me
1804 2494 2073 2561 Auctor
2113 2494 2329 2560 libelli
2366 2494 2504 2582 jam
2532 2500 2699 2564 alias
2733 2499 2878 2568 lau-

693 2593 842 2664 dati
879 2595 958 2661 de
994 2590 1182 2690 Jure
1219 2592 1738 2681 Ecclesiastico,
1776 2610 1904 2662 cet.
1949 2612 2129 2686 pag.
2175 2619 2200 2662 1
2228 2591 2340 2663 16.
2392 2599 2541 2685 At,
2591 2599 2875 2692 inquies,

681 2694 829 2767 Izaec
881 2698 1056 2766 mala
1108 2696 1250 2786 jam
1303 2697 1737 2786 praeteriere:
1804 2700 2066 2766 saeculis
2119 2717 2322 2788 porro
2387 2702 2875 2773 sollertioribus

671 2797 970 2886 falsitas
1031 2798 1264 2867 harum
1300 2820 1305 2828 ’
1316 2801 1839 2890 propositionum
1899 2801 2231 2888 innotuit,
2282 2825 2441 2891 quas
2495 2827 2661 2873 coeca
2721 2830 2865 2876 cre-

685 2905 944 2970 dulitas
1010 2922 1247 2970 omnem
1310 2903 1490 2971 citra
1531 2903 2329 3005 perquisitionem'atque
2382 2907 2870 3001 investigatioss

687 3027 829 3073 nem
893 3004 1286 3097 'exceperam
1333 3021 1419 3073 „et
1472 3028 1852 3097 quamquam
1918 3009 1986 3075 in
2033 3009 2405 3078 nostrarum
2459 3014 2677 3104 legum
2729 3014 2870 3080 col-

684 3106 966 3177 lectione
1005 3109 1218 3178 adlzuc
1247 3111 1736 3202 propositiones
1774 3112 1916 3180 itlae
1955 3129 2262 3201 exstent,
2317 3137 2454 3182 cum
2493 3118 2584 3183 iis
2649 3132 2867 3184 tamen

682 3212 1036 3281 nullimode
1101 3214 1456 3284 cohaerent.
1508 3216 1910 3305 Opiniones,
1964 3238 2125 3304 quas
2176 3219 2317 3286 illae
2354 3236 2716 3308 peperere,
2766 3220 2873 3287 ei-

685 3317 828 3385 dem
863 3312 1025 3399 fato
1064 3314 1351 3400 fuerunt
1403 3317 1733 3386 ohnoxiae:
1787 3319 1988 3387 omnis
2039 3343 2258 3388 earum
2310 3344 2494 3389 error
2537 3323 2866 3412 patescit3

682 3437 752 3487 et
793 3421 1088 3509 quisquis
1151 3420 1283 3487 sihi
1348 3420 1581 3487 honori
1645 3422 1830 3488 ducit
1881 3425 2366 3512 propositiones
2422 3426 2603 3510 sequi
2656 3422 2869 3488 Reli-

673 3523 871 3611 gioni
935 3544 1010 3588 ac
1064 3523 1322 3610 patriis
1385 3522 1646 3613 legibus
1708 3544 2035 3591 consonas.
2091 3522 2263 3619 Jam
2312 3523 2545 3590 abusus
2597 3526 2863 3592 exsula-

685 3640 883 3713 runt,
933 3641 1001 3691 et
1054 3627 1395 3713 primaevae
1461 3624 1786 3692 Ecclesiae
1852 3628 2035 3718 leges
2097 3630 2167 3692 in
2221 3628 2609 3714 primaevum
2677 3631 2870 3696 revi-

683 3742 930 3793 xerunt
992 3727 1273 3795 nitorem
1339 3751 1416 3795 ac
1478 3729 1880 3818 puritatem.
1946 3728 2158 3794 Absit
2238 3729 2392 3816 quin
2476 3730 2625 3797 inde
2695 3750 2866 3821 pro-

685 3844 946 3916 spectus
1023 3845 1395 3897 nostrarum
1470 3852 1895 3898 aerumnarum
1971 3830 2367 3897 collabescat
2422 3850 2849 3924 augescatve.

686 3929 788 4000 Et
839 3927 1169 4013 fortassis
1222 3951 1461 4023 pravae
1526 3934 1729 4001 animi
1796 3929 2203 4017 adfectiones
2263 3957 2605 4027 rerumque
2669 3938 2869 4031 igno-

767 4047 866 4133 (1)
947 4049 1087 4112 Via.
1120 4050 1355 4117 Gibert.
1391 4067 1526 4116 tom.
1571 4076 1619 4113 1.
1650 4069 1793 4137 pag.
1834 4073 1971 4135 257.
2008 4073 2158 4136 seqq.
2250 4096 2253 4100 Δ
