3275 4784
706 231 880 306 ‘144
1519 223 1909 280 sncrto
1980 226 2034 277 1.
2325 283 2336 300 ,
2654 229 2678 306 ς

651 357 1112 443 auctoritate,
1137 348 1598 443 'quandonam
1638 352 1930 419 velimus
1947 341 2349 438 Episcop‘os
2377 336 2420 415 ὲ
2447 346 2734 422 Christo
2754 351 2863 443 ju-³

653 458 1077 534 risdictionis
1117 472 1471 548 potestate
1493 454 1764 522 donari.
1793 452 1913 524 An
1947 451 2014 520 in
2041 449 2579 523 consecratione?
2610 471 2684 522 at
2717 471 2860 525 tum

639 577 953 651 potestas
992 562 1247 652 quidem
1288 560 1538 625 ordinis
1592 554 1978 642 confertur,
2030 558 2292 646 inquit,
2346 577 2483 640 non,
2508 558 2856 647 jurisdic-

661 663 1176 754 tionis·,·quam
1242 662 1324 730 ab
1391 663 1625 730 elec'tis
1690 677 1755 727 e‘t
1815 652 2219 743 confirmatis
2277 655 2674 751 Episcopis.,
2746 666 2852 730 li-

650 785 773 836 cet
798 789 916 835 non
955 766 1356 836 consecratis
1385 765 1550 855 jure
1604 766 1903 831 exerceri
1938 783 2182 854 posse,
2220 766 2574 853 superiore
2621 767 2846 855 capite

540 947 552 962 .
653 861 1116 967 vidimus(1).
1157 870 1321 936 Nisi
1362 865 1557 953 forte
1596 869 1976 936 adversarii
2029 868 2246 935 velint
2298 866 2628 937 tributam
2658 871 2853 959 prius

630 973 1169 1082 jurisdictionem
1206 973 1449 1041 iterum
1490 972 1557 1038 in
1597 972 2085 1040 consecratione
2119 966 2457 1059 conferri,
2497 971 2727 1063 quod
2701 985 2853 1042 ma*

643 1100 721 1144 ne
748 1070 1141 1169 figmentum
1177 1093 1351 1145 esset
1390 1077 1480 1143 ad
1542 1078 2030 1163 declinandum,
2070 1075 2129 1143 si
2171 1066 2333 1174 fieri
2373 1091 2657 1172 posset,
2708 1075 2854 1145 ltu-.-

634 1181 752 1272 jus
792 1182 927 1248 vim
967 1181 1347 1272 argumenti
1395 1182 1779 1248 solummodo
1827 1181 2360 1280 excogitatumt:
2395 1167 2608 1246 :Aut
2651 1202 2848 1267 quum

649 1285 940 1374 eligitur
1002 1286 1150 1374 quis
1213 1300 1280 1353 et
1347 1275 1768 1367 confirmatur
1833 1283 1901 1350 in
1967 1281 2432 1371 Episcopum,
2500 1282 2855 1373 designari

632 1406 981 1479 personam
1022 1439 1046 1474 .‚
1124 1391 1230 1458 cui
1292 1386 1488 1457 Deus
1555 1386 2097 1478 jurisdictionem
2161 1400 2316 1454 ante
2396 1386 2838 1478 episcopalem

644 1493 1196 1561 consecrationem
1251 1492 1687 1581 impertiatur
1718 1541 1739 1581 ,
1800 1512 1943 1578 quae
2005 1489 2303 1579 opinatio
2368 1489 2552 1557 viam
2618 1492 2867 1581 aperit,

636 1595 948 1663 absurdis
979 1589 1323 1687 figmentis
1351 1587 1488 1691 (2).
1520 1594 1783 1664 Verum
1813 1592 1989 1687 nih-il
2020 1591 2124 1679 his
2156 1609 2259 1660 tot
2287 1591 2636 1683 figmentis
2666 1614 2841 1683 opus

633 1715 759 1765 est.
804 1699 940 1785 Ajo
983 1700 1252 1787 itaque,
1295 1699 1362 1763 in
1405 1699 1921 1765 consecratione
1962 1712 2303 1784 potestate
2356 1717 2492 1764 non
2560 1712 2840 1765 tantum·

633 1800 924 1885 ordinis,
965 1799 1083 1866 sed
1127 1815 1194 1865 et
1223 1798 1729 1888 jurisdictionis
1773 1794 2215 1889 Episcopos
2190 1820 2235 1866 a
2269 1798 2547 1867 Christo
2586 1800 2825 1867 imme-

626 1902 817 1969 diate
855 1902 1128 1970 donari.
1169 1902 1359 1971 Leve
1398 1903 1579 1970 enim
1630 1919 1774 1992 est,
1828 1920 1898 1971 et
1940 1924 2027 1969 ex
2063 1902 2430 1991 disciplina
2483 1915 2828 1993 sumptum

619 2004 1146 2097 juniorisaetatis
1173 1996 1203 2103 (
1215 1997 1327 2103 3)
1354 2006 1543 2098 quod
1551 2006 2105 2098 jurisdictionem
2120 2004 2446 2096 Episcopi
2478 2005 2822 2074 licetnon-

622 2109 804 2177 dum
830 2113 1206 2179 consecrati
1236 2111 1393 2202 jure
1435 2127 1801 2180 exerceant
1836 2109 2242 2180 confirmata
2280 2109 2643 2177 electione.
2671 2109 2823 2178 Ve-

615 2228 729 2282 tus
771 2212 1083 2284 Ecclesia
1123 2215 1714 2284 confirmationem
1755 2234 1891 2284 non
1928 2208 2391 2307 sejungebat
2369 2233 2410 2279 a
2448 2231 2820 2280 consecra-

622 2320 816 2386 tione
843 2309 992 2414 (4).
1024 2321 1273 2387 muniis
1310 2317 1516 2410 fungi
1546 2316 2048 2410 jurisdictionis
2076 2316 2480 2408 episcopalis
2501 2364 2524 2403 ‚
2548 2315 2667 2405 qui
2695 2334 2841 2382 or--

622 2419 854 2489 dinem
897 2423 1204 2490 nondum
1243 2437 1418 2488 esset
1454 2421 1784 2511 adeptuS‚
1824 2420 2219 2512 patiebatur
2283 2420 2621 2489 neminem
2667 2408 2830 2514 (5),

621 2543 759 2591 non
801 2524 1060 2614 ignara
1078 2523 1377 2611 scilicet,
1417 2533 1829 2612 potestatem
1865 2522 2364 2614 episcopalem,
2406 2523 2676 2591 tametsi
2717 2516 2818 2588 ad

617 2627 817 2696 varia
856 2643 925 2697 et
965 2625 1376 2719 multiplicia
1416 2624 1656 2697 officia
1685 2627 2181 2719 pertinentem,
2206 2647 2412 2695 unam
2452 2642 2681 2694 tamen
2711 2646 2831 2691 es*

615 2751 727 2820 se,
769 2730 1134 2800 indivisam
1173 2754 1254 2800 ac
1292 2721 1735 2819 perfectam
1709 2752 1750 2797 a
1786 2729 2072 2797 Christo
2113 2731 2538 2811 institutam,
2581 2743 2660 2791 ut
2698 2726 2844 2792 di-

615 2832 784 2903 velli
823 2836 892 2899 in
931 2847 1175 2919 partes
1192 2842 1272 2896 ac
1311 2829 1535 2893 scindi
1574 2849 1709 2891 non
1727 2827 1990 2912 ‘possin
2032 2824 2330 2892 Proinde
2375 2823 2837 2917 jurisdicti0‚

609 2951 817 3022 quam·
852 2944 975 3019 per
1011 2907 1597 2998 confirmationem
1636 2924 1960 3016 indipisci
1990 2923 2202 2993 hodie
2234 2925 2571 2995 dicuntur
2598 2926 2834 3020 Epis-

605 3034 830 3125 copi,
847 3046 983 3108 non
1021 3046 1123 3101 est
1156 3030 1549 3122 jurisdictio
1588 3028 1961 3121 episcopali
1992 3025 2287 3099 ordini
2265 3052 2308 3097 a
2334 3028 2667 3100 Christo
2647 3055 2802 3123 ipso

601 3136 875 3208 adnexa
911 3153 983 3207 et
1013 3132 1478 3224 hierarchica,
1504 3154 1709 3224 quam
1737 3132 1881 3203 sola
1910 3132 2157 3202 tribuit
2184 3137 2649 3224 consecratio,
2675 3134 2821 3203 sed*

601 3240 870 3313 vicaria
933 3239 1246 3335 quaedam
1312 3254 1382 3308 et
1443 3236 2076 3326 administratoria,
2138 3237 2415 3327 qualem
2478 3240 2624 3328 ipsa
2686 3238 2798 3306 in-

604 3346 798 3417 dicat
845 3344 1382 3416 confirmationis
1435 3338 1739 3412 formula
1792 3339 2081 3432 Espenio
2140 3340 2485 3435 descripta
2530 3341 2604 3409 in
2640 3338 2790 3433 jur.

608 3453 840 3521 eccles.
867 3465 1061 3542 part.
1114 3469 1175 3514 1.
1218 3448 1343 3515 tit.
1395 3469 1508 3536 [4.
1549 3463 1695 3538 cap.
1736 3468 1811 3536 4.
1851 3448 1911 3531 §.
1963 3464 2081 3513 11.

684 3661 786 3747 (ι)
865 3635 1240 3725 Anti-Febr.
1277 3665 1491 3727 vindic.
1515 3674 1681 3743 part.
1720 3685 1772 3727 1.
1806 3666 1943 3725 diss.
1978 3685 2034 3744 3.
2070 3677 2196 3740 cap.
2234 3683 2263 3721 1
2349 3630 2355 3634 ἢ

663 3741 809 3826 (α)
887 3742 1029 3820 cap
1067 3766 1124 3804 2·-
1158 3750 1212 3825 §-
1247 3765 1304 3823 4·
1492 3778 1497 3782 ·
1548 3827 1551 3832 ,

731 3845 764 3903 3
881 3821 1018 3898 Cap.
1061 3845 1147 3903 ις.
1183 3829 1253 3886 de
1294 3810 1466 3888 elect.

694 3822 796 4073 {43
873 3906 1079 3981 Espen
1099 3920 1262 3982 part.
1306 3928 1356 3965 1.
1391 3909 1498 3967 tit.
1537 3926 1629 3987 ις.
1665 3920 1861 3985 capa

730 3986 794 4069 ς)
875 3987 1080 4066 Espen
1107 3988 1208 4049 loc.
1241 3983 1345 4050 cit.
1380 4000 1506 4064 cap.
1543 4006 1602 4065 4.
