3275 4784
756 281 853 356 42
1517 272 1944 329 sncrxo
2042 272 2096 322 n

726 408 913 475 ximo
970 399 1218 470 saeculo
1270 401 1336 467 in
1391 400 1533 490 ejus
1571 398 2116 465 communionem
2160 388 2223 460 S.
2267 389 2555 461 Paulum
2599 392 2916 471 adscive-

728 527 887 577 runt
958 525 1237 574 auctore
1305 505 1729 593 potissimum
1775 501 2084 567 Martino
2126 499 2213 565 de
2254 498 2549 579 Barcos,
2585 502 2780 593 cujus
2820 508 2918 574 vi.

731 616 789 681 ri
835 612 1142 701 opinatio
1185 624 1427 696 praeter
1458 607 1632 674 alios
1671 621 1992 671 accurate
2034 597 2394 670 confutata
2436 620 2537 670 est
2573 604 2917 678 ab·Illust.

734 716 823 784 de
892 714 1127 782 Marca
1193 712 1262 776 in
1302 711 1465 777 diss.
1530 711 1613 774 de
1679 708 2019 799 singulari
2071 707 2371 798 primatu
2431 704 2662 776 Petri.
2711 707 2922 790 Conf.

739 817 1013 887 Natalis
1070 814 1470 883 Alexander
1534 813 1735 880 citat.
1797 812 2067 878 dissert.
2137 809 2349 893 Quod
2399 828 2634 879 autem
2675 813 2921 885 Paulus

734 922 958 1013 palam
1004 936 1067 987 et
1112 921 1178 985 in
1222 915 1465 985 faciem
1504 916 1712 983 Petro
1755 918 2076 984 restitisse
2116 914 2426 982 creditur
2457 936 2547 982 ex
2575 919 2800 1008 capite
2829 941 2928 988 se·

731 1025 966 1092 cundo
1028 1023 1334 1112 epistolae
1402 1020 1488 1088 ad
1550 1019 1878 1107 Galatas,
1941 1020 2012 1085 id
2053 1039 2224 1087 vero
2260 1017 2463 1106 huic,
2521 1041 2732 1109 quem
2773 1044 2924 1112 pro·

733 1148 1158 1220 pugnamuS,
1224 1127 1547 1216 primatui
1615 1141 1750 1191 tam
1794 1144 2030 1213 parum
2072 1118 2340 1211 officit,
2397 1143 2604 1212 quam
2642 1127 2918 1213 quidem

733 1232 953 1317 illud,
1010 1230 1199 1319 quod
1264 1228 1578 1297 nonnulli
1646 1225 1682 1294 ὲ
1719 1227 1981 1295 Sanctis
2042 1225 2361 1294 Patribus
2421 1240 2788 1317 utrumque
2823 1232 2923 1297 si-

733 1337 881 1404 mul
938 1334 1171 1402 Romae
1228 1332 1716 1423 Episcopatum
1758 1333 2040 1422 gessisse
2077 1331 2420 1398 memoriae
2459 1331 2927 1423 prodiderint3

740 1460 895 1508 narn
940 1455 1012 1507 ut
1058 1436 1339 1524 horum,
1378 1460 1532 1527 quae
1568 1452 1764 1521 sunt,
1803 1433 1994 1502 haud
2033 1430 2396 1502 difficilem
2421 1435 2927 1525 interpretatio-

743 1563 897 1611 nem
940 1540 1234 1630 habent,
1284 1542 1380 1609 ita
1421 1528 1594 1607 illu‘d
1650 1530 1819 1635 (etsi
1862 1541 2101 1607 demus
2139 1525 2447 1628 Ceph‘am
2493 1534 2536 1605 ὲ
2573 1538 2789 1608 Paulo
2831 1562 2932 1609 re·

743 1644 1154 1735 prehensum
1200 1641 1516 1710 eumdem
1570 1665 1713 1710 esse
1767 1641 2084 1729 Petrum,
2131 1641 2322 1731 quod
2369 1659 2596 1709 tamen
2656 1646 2935 1712 rationi-

742 1747 871 1815 bus
913 1766 1047 1814 non
1090 1766 1363 1834 prorsus
1399 1744 1917 1811 contemnendis
1956 1745 2397 1833 impugnavit
2422 1744 2939 1816 auctos-'disser-

743 1851 1025 1918 tationis
1089 1846 1354 1939 Cephas
1414 1870 1537 1915 non
1590 1847 1959 1939 Apostolus
1999 1851 2117 1914 sed
2147 1836 2512 1938 discipulus
2545 1848 2939 1918 Antiochiae

744 1948 787 2020 >a
864 1951 1080 2020 Paulo
1151 1950 1621 2041 reprehensus,
1697 1948 2047 2019 Erfordiae
2124 1942 2434 2049 excusae)
2498 1972 2720 2021 rarum
2784 1956 2941 2041 qui„

746 2055 948 2143 dem,
1001 2053 1121 2122 sed
1163 2071 1467 2123 sanctum
1504 2058 1800 2145 posteris
1843 2054 2136 2145 praebuit
2175 2057 2243 2121 in
2287 2056 2497 2126 Petro
2532 2060 2939 2146 exemplum,

747 2176 830 2228 ut
862 2160 1291 2246 Augustinus
1319 2150 1473 2255 ait(
1502 2184 1524 2224 ῐ
1551 2149 1616 2255 )‚
1648 2181 1768 2247 quo
1789 2182 1914 2225 non
1942 2161 2498 2251 dedignarentur,
2528 2160 2738 2226 sicubi
2749 2156 2943 2242 forte

743 2264 925 2333 recti
961 2261 1298 2333 tramitem
1335 2266 1804 2353 reliquissent,
1841 2265 2048 2331 etium
2078 2261 2115 2329 ὰ
2141 2262 2624 2353 posterioribus
2651 2263 2942 2355 corrigi.

1620 2404 1715 2540 §2
1790 2454 2085 2525 xxvn.

1289 2666 1537 2763 Ratio
1575 2671 1966 2764 primatus
2018 2672 2406 2743 instituti.

902 2869 1111 2939 Nunc
1149 2867 1236 2935 de
1276 2867 1536 2934 ratione
1574 2887 1653 2932 ac
1696 2866 1868 2951 fine,
1905 2867 2216 2953 quemin‘
2250 2865 2541 2952 primatu
2574 2864 2954 2937 instituen-

741 2973 843 3043 do
882 2972 1007 3041 sibi
1060 2970 1380 3042 Christus
1422 2970 1816 3058 proposuit,
1878 2968 2365 3056 inquirendum
2413 2985 2540 3035 est.
2596 2968 2750 3036 Hoc
2817 2995 2953 3039 au-

748 3096 887 3145 tern
952 3075 1116 3144 dum
1183 3072 1408 3161 facie,
1479 3094 1615 3141 non
1690 3073 1760 3138 id
1837 3092 2107 3162 quaeto‚
2180 3094 2332 3160 quae
2395 3092 2601 3139 causa
2666 3072 2949 3141 Christo

751 3178 1016 3269 fuerit,
1079 3199 1156 3250 ut
1196 3180 1406 3248 Petro
1453 3180 1721 3267 potiuS‚
1787 3197 1985 3265 quam
2025 3176 2143 3242 alii
2181 3176 2482 3264 cuipiam
2523 3198 2606 3266 ex
2657 3176 2954 3264 Aposto-

758 3283 848 3352 lis
889 3305 1038 3352 eam
1076 3287 1484 3374 dignitatem
1520 3278 1896 3349 conferret.
1939 3278 2097 3362 Qua
2137 3280 2413 3368 quidem
2458 3280 2524 3345 in
2555 3300 2625 3346 re
2653 3299 2788 3345 non
2822 3300 2955 3345 una

763 3402 867 3454 est
910 3385 1184 3452 Patrnm
1223 3389 1583 3454 sententia.
1625 3386 2059 3474 Hieronymus
2095 3384 2288 3450 illum
2328 3384 2571 3453 ceteris
2597 3383 2955 3468 praelatum

767 3485 1115 3551 statuebat
1136 3534 1158 3571 ,
1187 3488 1372 3573 quod
1395 3491 1617 3554 senior
1650 3504 1820 3553 esset
1849 3477 1936 3581 (2
1959 3477 2010 3581 >.
2043 3486 2353 3553 Hilarius
2368 3492 2637 3567 contra,
2664 3500 2730 3548 et
2748 3482 2960 3559 Joan·

762 3607 875 3652 nes
924 3584 1465 3678 Chrysostomus,
1517 3590 1704 3679 quod
1764 3590 2016 3677 primus
2069 3585 2106 3656 ὲ
2164 3587 2441 3656 Christo
2482 3601 2763 3655 vocatus
2805 3587 2960 3672 pri-

760 3708 912 3757 mus
954 3691 1158 3758 etiam
1200 3694 1266 3758 in
1306 3715 1462 3759 eum
1506 3692 1880 3763 crediderit
1917 3682 2078 3788 (3).
2121 3692 2319 3760 Alius
2343 3690 2736 3773 caritatem,
2776 3689 2957 3754 alius
3015 3712 3022 3719 ’

774 3793 1108 3884 insignem
1146 3796 1291 3884 ejus
1329 3793 1827 3866 confessionem
1867 3817 2137 3864 causam
2179 3792 2392 3864 fuisse
2433 3791 2746 3883 putabat.
2800 3789 2957 3876 Sed,

836 3941 964 4109 ξιξ
1044 3946 1248 4018 Epist.
1277 3945 1370 4001 82.
1403 3965 1454 4000 n.
1494 3965 1585 4002 αα.
1839 3939 1959 4022 (2)
2039 3944 2175 4007 Lib.
2208 3968 2259 4007 1.
2293 3949 2415 4006 adv
2443 3944 2660 4021 Jovin.
2695 3961 2748 3998 n.
2782 3939 2869 3998 26.

885 4047 920 4105 3
1045 4027 1218 4087 Hom.
1260 4043 1320 4104 9.
1370 4027 1438 4082 de
1466 4039 1619 4098 poen.
