3275 4784
1116 314 1489 377 catur
1587 314 1760 375 ιι·
2359 308 2499 396 113

1144 536 1217 625 §a
1292 525 1791 607 LXXXVIII.

788 744 1301 866 Investiturae
1358 745 1854 846 Epiro-opalis
1907 684 2147 848 origo.

528 948 716 1025 Utut
765 975 935 1024 vero
970 951 1079 1024 hae
1117 975 1225 1026 res
1272 954 1412 1026 sint
1435 969 1470 1047 ‚·
1492 952 1606 1048 jus
1643 952 1925 1048 quidem
1981 957 2203 1047 ipsum
2257 970 2396 1027 tam
2446 959 2564 1030 iu·-

369 1058 716 1129 vestiendi
769 1056 1153 1150 Episcopos
1175 1107 1202 1149 ,
1250 1079 1460 1152 quam
1505 1060 1916 1129 electionem
1954 1057 2384 1130 Pontificiam
2434 1085 2570 1155 ap-

371 1160 768 1252 probandi,
819 1182 1024 1252 penes
1086 1160 1548 1254 imperatores
1599 1184 1817 1254 usque
1885 1161 1977 1232 ad
2037 1160 2367 1256 Gregorii
2413 1160 2569 1236 Vn.

373 1281 682 1355 tempora
734 1266 1085 1356 integrum
1129 1267 1503 1357 perstitisse
1534 1265 1947 1356 expeditum
1984 1280 2116 1335 est.
2142 1265 2326 1334 Nam
2362 1284 2434 1337 et
2468 1269 2600 1359 ip···

367 1386 524 1437 sum
560 1365 963 1459 Gregorium
1001 1365 1160 1436 VII.
1223 1388 1626 1439 consensum
1662 1368 2104 1458 Imperatoris
2141 1364 2568 1465 efflagitasse

381 1468 475 1539 ab
500 1462 801 1559 antiquis
840 1469 1198 1560 proditum
1234 1486 1339 1541 est
1379 1469 1751 1540 memoriae.
1794 1468 2068 1542 Verum
2094 1468 2420 1566 Gregorii
2446 1473 2579 1543 ista
2621 1559 2628 1565 ,

367 1572 729 1650 modestia
764 1573 1087 1643 simulata
1125 1569 1292 1644 fuit.
1334 1573 1679 1666 Apparuit
1724 1571 1864 1643 hoc¹
1905 1596 1993 1644 ex
2042 1573 2199 1664 illa,
2237 1597 2392 1668 quae
2439 1577 2600 1668 ipsi*

383 1675 578 1745 haud
624 1678 725 1746 ita
785 1677 1009 1748 multo
1061 1692 1220 1767 post
1265 1698 1424 1747 cum
1473 1677 1898 1768 Imperatore
1950 1695 2112 1750 nata
2149 1694 2292 1769 est,
2329 1679 2419 1748 de
2457 1682 2604 1750 izi-⁵

380 1781 725 1849 vestitura
761 1776 1305 1871 Episcoporum,
1342 1782 1723 1870 perniciosa
1763 1798 1837 1851 et
1875 1784 2073 1874 gravi
2112 1776 2603 1853 concertatio-²

382 1901 495 1952 ne.
545 1882 985 1954 Investitura·
1018 1882 1525 1975 Episcoporum
1564 1896 1647 1951 ‘et
1687 1880 2057 1965 -Abbatum
2083 1934 2105 1974 ,
2150 1886 2205 1954 si
2261 1906 2371 1956 res
2420 1888 2571 1978 ipsa

379 1987 603 2077 magis
624 2005 849 2081 quam.
870 1987 1045 2058 ritus
1081 2004 1466 2077 spectetur,
1491 1987 1980 2077 proculdubio
2009 1988 2417 2080 perantiqua
2446 2005 2578 2080 est,

332 2105 450 2158 ⁷et
495 2090 637 2183 jam
676 2086 766 2160 ab
803 2109 889 2159 eo
936 2106 1249 2182 tempore
1301 2111 1431 2159 usu
1483 2087 1825 2178 inducta,
1888 2110 2027 2180 quo
2085 2091 2574 2183 Imperatores,

379 2189 650 2284 Reges,
687 2190 947 2285 aliique
987 2193 1231 2262 summi
1260 2192 1659 2262 *Nationut‘n
1697 2189 2085 2282 Principes,
2123 2193 2382 2283 praedia
2412 2193 2582 2282 illis,
2637 2266 2644 2271 ,

380 2296 701 2387 castella,
741 2295 1016 2386 aliaque
1047 2293 1252 2385 hujus
1292 2295 1565 2384 generis
1591 2292 1812 2382 bona,
1837 2294 2217 2364 clientelari
2238 2293 2395 2386 jure
2420 2314 2581 2386 pos·

382 2394 673 2470 sidenda'
702 2396 1140 2489 fruendaque
1168 2396 1534 2466 dederunt.
1561 2396 1844 2487 Semper
1866 2399 2046 2466 enim
2075 2395 2206 2467 hoc
2229 2398 2382 2490 jure
2411 2419 2581 2469 cau-

389 2515 534 2570 tum
573 2517 764 2590 erat,
803 2502 993 2594 quod
1035 2503 1241 2573 etiam
1283 2521 1466 2569 nunc
1522 2499 1781 2593 ubique
1832 2498 2141 2592 obtinet,
2177 2518 2256 2588 ut
2295 2504 2417 2594 qui
2462 2501 2587 2573 be·

389 2603 638 2675 uefi'cio
675 2605 1072 2698 Principum
1106 2603 1442 2698 ejusmodi
1482 2603 1663 2673 bona
1704 2620 2058 2693 tenerent,
2097 2625 2223 2698 pro
2249 2600 2579 2697 legitimis

388 2708 889 2799 possessoribus
922 2730 1060 2778 non
1099 2723 1259 2779 ante
1298 2704 1751 2796 haberentur,
1789 2727 1995 2798 quam
2032 2729 2104 2776 se
2124 2707 2606 2799 JurisJurandi·

386 2811 727 2903 religione
763 2812 856 2882 ad
895 2810 1105 2880 fidem
1130 2810 1588 2901 obligassent,
1613 2827 1685 2880 et
1710 2813 2010 2881 concessi
2032 2811 2202 2904 juris
2235 2808 2604 2901 judicium·

388 2911 676 3004 aliquod
703 2910 742 2982 ὲ
768 2934 972 2985 manu
998 2913 1334 3003 Principis
1363 2915 1810 3004 accePissent.
1840 2913 2053 2999 Quod
2086 2916 2306 3006 ipsum
2321 2913 2580 2983 vestire

385 3031 529 3104 est,
568 3014 687 3082 vel
723 3016 1049 3085 investire
1084 3018 1158 3086 in
1198 3016 1501 3106 antiquis
1535 3017 1833 3106 legibus.
1866 3018 1960 3085 At
1990 3019 2159 3085 ritus
2201 3018 2581 3086 investien-

394 3116 470 3186 di
537 3113 922 3209 Episcopos
959 3118 1082 3212 pei·
1128 3118 1459 3198 annulum
1512 3132 1585 3186 et
1638 3116 1958 3186 baculum
2013 3117 2234 3186 multo
2294 3114 2612 3187 videtur»

393 3241 536 3291 esse
578 3222 961 3309 recentior,
1013 3238 1222 3313 atque
1274 3221 1396 3313 illa
1433 3218 1711 3315 demum
1762 3232 1964 3287 aetate
2012 3220 2323 3287 invectus
2356 3267 2383 3308 ,
2446 3238 2610 3308 qua·

391 3321 850 3415 Imperatores
899 3345 982 3395 ac
1033 3324 1264 3417 Reges
1328 3322 1645 3414 neglecta
1693 3321 1968 3414 penitus
2015 3322 2181 3390 cleri
2233 3343 2313 3389 ac
2354 3320 2652 3412 plebis„

393 3427 775 3523 electione,
811 3429 941 3519 ipsi
982 3427 1116 3497 sibi
1157 3442 1563 3519 potestatem
1598 3425 1956 3495 sumebant
2007 3423 2464 3517 Episcopatus
2513 3442 2612 3497 et·

400 3528 736 3599 Abbatias
787 3551 914 3622 pro
966 3530 1194 3600 lubitu
1249 3551 1377 3603 suo
1443 3549 1581 3599 non
1631 3525 2040 3616 conferendi
2103 3546 2414 3617 tantum,
2453 3530 2579 3600 sed

399 3631 605 3701 etiam
644 3633 995 3711 vendendi
1022 3624 1164 3732 (t).
1192 3635 1344 3704 Hac
1383 3631 1536 3702 labe
1575 3631 1908 3703 infectam
1939 3630 2262 3702 L'uilovici
2289 3631 2412 3701 Pii
2451 3654 2587 3704 au-

400 3732 539 3802 lam
566 3731 818 3825 fuisse,
857 3757 1062 3808 nemo
1096 3738 1414 3807 veterum
1451 3734 1770 3807 tradidit.
1811 3735 2256 3828 Quapropter
2294 3738 2589 3826 suspica·-

386 3849 520 3923 ,tur
547 3856 679 3909 non
707 3839 942 3931 inepte
972 3837 1425 3927 Mummius,
1449 3837 1780 3908 Adumum
1811 3832 2244 3910 Bremensem
2271 3838 2358 3908 de
2387 3836 2616 3907 rebus*

401 3941 837 4031 superiorum
873 3959 1262 4033 temporum
1303 3960 1490 4015 more
1525 3933 1667 4041 suae
1701 3943 1919 4023 aetatis
1933 3943 2310 4043 ‘loquutum
2350 3937 2593 4022 fuisse,

414 4092 419 4099 -
491 4054 590 4141 (r)
674 4038 1657 4125 Mdsheimtns't.Hist.Ec‹.-1.Sec.
1679 4062 2186 4147 XLpagtqats-apr
2207 4071 2429 4139 ὥρας.
2458 4058 2616 4138 356.·

673 4171 685 4184 .
1765 4160 1855 4235 15
1993 4175 2000 4179 ,
