3275 4784
650 200 745 295 46
1428 212 1855 267 sEcrlo
1953 214 2010 265 1.

1457 403 1518 486 §·
1625 397 1957 467 xxvm.

949 612 1258 691 Gradus
1307 610 1781 687 hierarchici
1828 633 1926 684 ex
1946 608 2129 708 jure
2180 608 2459 686 divino.

758 867 991 954 Atque
1029 861 1175 931 haec
1210 880 1311 952 est
1348 859 1678 929 Ecclesiae
1716 855 2116 928 christianae
2143 853 2572 950 hierarchia,
2599 883 2800 953 quam

605 992 689 1038 ex
731 969 969 1037 divina
1007 968 1444 1035 ordinatione
1497 965 1908 1053 accepimUS.
1956 962 2113 1029 Nisi
2174 965 2333 1051 quis
2383 963 2644 1035 addere
2696 966 2804 1036 his

602 1070 894 1140 fortasse
935 1073 1105 1140 velit
1145 1072 1353 1138 etiam
1399 1062 1854 1136 Parachorum
1902 1068 2445 1157 institutionem,
2499 1089 2799 1157 quorum

597 1178 947 1261 simili-ter,
986 1194 1193 1263 quam
1246 1175 1315 1241 in
1355 1195 1475 1240 sua
1516 1175 1807 1261 quisque
1870 1169 2067 1260 plebe
2118 1189 2429 1259 exercet,
2467 1189 2792 1261 potesta·-

595 1296 735 1347 tem
773 1280 1111 1346 divinitus
1163 1296 1384 1344 ortam
1435 1292 1503 1342 et
1556 1273 1596 1341 a
1648 1274 1929 1342 Christo
1979 1290 2465 1363 propagatam,
2514 1278 2783 1344 tametsi

593 1383 1007 1473 pendentem
1035 1380 1121 1448 ab
1152 1379 1498 1469 Episcopo
1516 1428 1539 1466 ,
1564 1378 1920 1467 disputant
1947 1374 2596 1466 TheologiaGa-llia
2614 1400 2794 1469 prae-

595 1487 1014 1554 stantissimi.
1056 1485 1206 1551 Nec
1235 1485 1481 1552 desunt
1511 1481 1685 1565 illisa,
1711 1480 1962 1569 quibus
1993 1478 2168 1548 hanc
2210 1482 2617 1548 sententiam
2645 1504 2800 1572 pro·-

599 1589 801 1673 bent,
826 1604 1229 1676 argumenta
1259 1584 1582 1652 momenti
1613 1605 1746 1651 non
1774 1582 2282 1651 contemnendi.
2330 1583 2630 1653 Leviora
2654 1607 2798 1653 cer-

597 1708 665 1758 te
707 1707 902 1776 sunt,
965 1712 1114 1775 quae
1177 1690 1431 1774 opponi
1472 1686 1728 1771 solent,
1791 1703 1997 1775 atque
2066 1687 2161 1754 ita
2206 1704 2649 1777 comparata,
2707 1706 2794 1758 ut

595 1795 738 1881 ipsa
778 1808 1277 1858 momentorum
1313 1789 1670 1855 infirmitas
1725 1810 1847 1877 per
1896 1810 1969 1856 se
2006 1790 2170 1856 satis
2210 1792 2440 1879 gravis
2498 1813 2639 1858 esse
2679 1793 2794 1862 vi-

591 1896 877 1980 deatur,
915 1913 1053 1981 quo
1094 1894 1423 1981 suspicari
1464 1893 1806 1981 quispiam
1846 1912 1985 1960 non
2048 1893 2276 1981 inepte
2315 1893 2525 1985 possit
2563 1894 2652 1963 de
2688 1915 2800 1965 ve-

586 1998 788 2064 ritate
825 2002 1083 2081 causae,
1136 2019 1289 2085 quae
1330 1995 1712 2063 rationibus
1769 2010 1909 2064 tam
1974 1995 2274 2064 infirmis.
2324 2020 2552 2090 propu
2574 2019 2804 2092 gnan-

596 2100 687 2167 da
742 2117 866 2167 est.
905 2099 1036 2166 Sed
1091 2098 1177 2166 de
1230 2098 1335 2167 his
1381 2100 1696 2190 judicent
1747 2101 2133 2187 peritiore&
2794 2152 2800 2157 .

695 2200 955 2271 senor.
1061 2198 1272 2270 Conf.
1311 2202 1659 2271 Ludovic.
1694 2201 1757 2269 T
1764 2200 2188 2272 homassinus
2228 2202 2305 2270 de
2344 2218 2486 2272 vet.
2525 2219 2598 2272 et
2639 2227 2797 2278 nov.¹

593 2302 855 2373 Eccles.
893 2306 1232 2395 disciplin.
1271 2304 1391 2373 lib.
1437 2327 1505 2373 2.
1544 2324 1690 2396 cap.
1734 2299 1855 2373 26.
1895 2304 2083 2375 Lud.
2145 2306 2411 2376 Habert
2485 2323 2641 2376 tom.
2718 2330 2795 2397 7.

579 2410 659 2476 de
698 2406 1042 2477 hierarch.
1082 2408 1343 2476 Eccles.
1380 2427 1527 2498 cap.
1582 2404 1656 2476 6.
1720 2426 1956 2496 quaest.
2018 2429 2087 2476 2.
2148 2409 2395 2481 Petrus
2485 2409 2798 2482 Colletus

589 2527 801 2579 tract.
841 2514 921 2579 de
959 2511 1172 2580 ordin.
1205 2527 1398 2600 part.
1440 2532 1509 2578 2.
1554 2529 1703 2602 cap.
1750 2532 1819 2598 5¹.
1860 2526 2020 2582 tom.
2063 2533 2136 2597 7.
2166 2530 2340 2606 pag.
2387 2537 2424 2594 2
2458 2535 2584 2606 91.
2622 2538 2806 2606 seqq.

588 2613 853 2704 Gaspar
894 2615 1153 2695 Juenin
1193 2615 1263 2683 in
1304 2632 1722 2686 commentar.
1762 2615 1841 2683 de
1904 2634 2298 2685 sacrament.
2361 2619 2463 2684 dis
2485 2635 2653 2687 sert.
2718 2640 2797 2709 9.

586 2735 820 2806 quaest.
873 2741 937 2805 3.
979 2737 1124 2806 cap.
1184 2741 1251 2804 5.
1292 2736 1429 2786 art.
1477 2741 1542 2804 3.
1578 2737 1751 2806 pag.
1791 2740 1876 2783 m.
1925 2740 2102 2802 454.
2160 2739 2339 2803 seqq.
2409 2720 2623 2788 Adde
2687 2719 2797 2789 his

587 2817 840 2890 Claud.
884 2820 1153 2906 Fonteji
1201 2820 1475 2886 dissert.
1535 2817 1615 2883 de
1682 2817 1956 2906 antiquo
2025 2815 2578 2910 Presbyterorum
2631 2820 2792 2914 jure

588 2921 658 2990 in
704 2923 1024 3020 regimine
1072 2919 1423 2990 Ecclesiae.

1460 3128 1523 3215 ς.
1628 3125 1883 3199 xx1x.
1962 3087 1965 3091 ’

1035 3341 1174 3416 Ex
1223 3344 1705 3418 institutione
1750 3341 2320 3418 ecclesiastica.

725 3543 1136 3614 secernendi
1181 3547 1593 3636 proinde-ab
1634 3544 1764 3617 hac
1798 3551 2011 3616 ceteri
2054 3565 2214 3620 sunt
2252 3546 2547 3642 gradUS,
2596 3571 2778 3640 quos

583 3646 895 3717 Ecclesia
931 3648 1221 3718 subinde
1250 3673 1375 3721 usu
1404 3653 1728 3740 exigente
1758 3653 2227 3741 superioribus
2262 3652 2542 3743 adjecit.
2581 3653 2772 3723 Nam

580 3753 917 3842 primum,
977 3774 1189 3841 quum
1255 3774 1460 3824 aucto
1515 3754 1830 3824 fidelium
1872 3777 2161 3825 nurnero
2222 3779 2398 3826 unus
2455 3756 2779 3827 omnibus

585 3875 931 3945 superesse
965 3855 1315 3923 Diaconus
1359 3861 1484 3924 rite
1528 3878 1665 3923 non
1717 3874 1985 3946 posset,-
2054 3877 2262 3949 atque
2329 3859 2419 3931 ob
2471 3861 2563 3929 .id
2599 3861 2785 3929 divi-

584 3959 827 4030 dendae
864 3959 1013 4054 ejus
1064 3954 1457 4028 functiones
1503 3975 1765 4051 essent,
1825 3979 1951 4048 quo
2015 3962 2290 4057 dignius
2338 3981 2414 4035 et
2456 3986 2597 4035 cum
2647 3986 2781 4034 ma-
